index,ts_recv,ts_event,rtype,publisher_id,instrument_id,action,side,depth,price,size,flags,ts_in_delta,sequence,bid_px_00,bid_sz_00,bid_ct_00,ask_px_00,ask_sz_00,ask_ct_00,bid_px_01,bid_sz_01,bid_ct_01,ask_px_01,ask_sz_01,ask_ct_01,bid_px_02,bid_sz_02,bid_ct_02,ask_px_02,ask_sz_02,ask_ct_02,bid_px_03,bid_sz_03,bid_ct_03,ask_px_03,ask_sz_03,ask_ct_03,bid_px_04,bid_sz_04,bid_ct_04,ask_px_04,ask_sz_04,ask_ct_04,bid_px_05,bid_sz_05,bid_ct_05,ask_px_05,ask_sz_05,ask_ct_05,bid_px_06,bid_sz_06,bid_ct_06,ask_px_06,ask_sz_06,ask_ct_06,bid_px_07,bid_sz_07,bid_ct_07,ask_px_07,ask_sz_07,ask_ct_07,bid_px_08,bid_sz_08,bid_ct_08,ask_px_08,ask_sz_08,ask_ct_08,bid_px_09,bid_sz_09,bid_ct_09,ask_px_09,ask_sz_09,ask_ct_09,symbol,order_id
0,2025-07-17T08:05:03.360677248Z,2025-07-17T08:05:03.360677248Z,10,2,1108,A,B,0,5.510000000,100,130,165200,851012,5.51,100,1,,0,0,,0,0,,0,0,,0,0,,0,0,,0,0,,0,0,,0,0,,0,0,,0,0,,0,0,,0,0,,0,0,,0,0,,0,0,,0,0,,0,0,,0,0,,0,0,ARL,817593
1,2025-07-17T08:05:03.360683462Z,2025-07-17T08:05:03.360683462Z,10,2,1108,A,A,0,21.330000000,100,130,165331,851013,5.51,100,1,21.33,100,1,,0,0,,0,0,,0,0,,0,0,,0,0,,0,0,,0,0,,0,0,,0,0,,0,0,,0,0,,0,0,,0,0,,0,0,,0,0,,0,0,,0,0,,0,0,ARL,817597
2,2025-07-17T08:05:03.361327319Z,2025-07-17T08:05:03.361327319Z,10,2,1108,A,B,0,5.900000000,100,130,165198,851022,5.90,100,1,21.33,100,1,5.51,100,1,,0,0,,0,0,,0,0,,0,0,,0,0,,0,0,,0,0,,0,0,,0,0,,0,0,,0,0,,0,0,,0,0,,0,0,,0,0,,0,0,,0,0,ARL,817633
3,2025-07-17T08:05:03.361332576Z,2025-07-17T08:05:03.361332576Z,10,2,1108,A,A,0,20.940000000,100,130,165247,851023,5.90,100,1,20.94,100,1,5.51,100,1,21.33,100,1,,0,0,,0,0,,0,0,,0,0,,0,0,,0,0,,0,0,,0,0,,0,0,,0,0,,0,0,,0,0,,0,0,,0,0,,0,0,,0,0,ARL,817637
4,2025-07-17T08:09:48.860696464Z,2025-07-17T08:09:48.860696464Z,10,2,1108,C,B,0,5.510000000,100,130,165631,1289631,5.90,100,1,20.94,100,1,,0,0,21.33,100,1,,0,0,,0,0,,0,0,,0,0,,0,0,,0,0,,0,0,,0,0,,0,0,,0,0,,0,0,,0,0,,0,0,,0,0,,0,0,,0,0,ARL,817593
5,2025-07-17T08:09:48.860705588Z,2025-07-17T08:09:48.860705588Z,10,2,1108,A,B,0,5.370000000,100,130,165297,1289632,5.90,100,1,20.94,100,1,5.37,100,1,21.33,100,1,,0,0,,0,0,,0,0,,0,0,,0,0,,0,0,,0,0,,0,0,,0,0,,0,0,,0,0,,0,0,,0,0,,0,0,,0,0,,0,0,ARL,1263973
6,2025-07-17T08:09:49.157896784Z,2025-07-17T08:09:49.157896784Z,10,2,1108,C,B,0,5.900000000,100,130,165115,1290626,5.37,100,1,20.94,100,1,,0,0,21.33,100,1,,0,0,,0,0,,0,0,,0,0,,0,0,,0,0,,0,0,,0,0,,0,0,,0,0,,0,0,,0,0,,0,0,,0,0,,0,0,,0,0,ARL,817633
7,2025-07-17T08:09:49.157903443Z,2025-07-17T08:09:49.157903443Z,10,2,1108,A,B,0,5.400000000,100,0,166009,1290627,5.40,100,1,20.94,100,1,5.37,100,1,21.33,100,1,,0,0,,0,0,,0,0,,0,0,,0,0,,0,0,,0,0,,0,0,,0,0,,0,0,,0,0,,0,0,,0,0,,0,0,,0,0,,0,0,ARL,1264721
8,2025-07-17T08:09:49.157903798Z,2025-07-17T08:09:49.157903798Z,10,2,1108,C,A,0,20.940000000,100,130,165654,1290628,5.40,100,1,21.33,100,1,5.37,100,1,,0,0,,0,0,,0,0,,0,0,,0,0,,0,0,,0,0,,0,0,,0,0,,0,0,,0,0,,0,0,,0,0,,0,0,,0,0,,0,0,,0,0,ARL,817637
9,2025-07-17T08:09:49.157909054Z,2025-07-17T08:09:49.157909054Z,10,2,1108,A,A,0,21.470000000,100,130,165545,1290629,5.40,100,1,21.33,100,1,5.37,100,1,21.47,100,1,,0,0,,0,0,,0,0,,0,0,,0,0,,0,0,,0,0,,0,0,,0,0,,0,0,,0,0,,0,0,,0,0,,0,0,,0,0,,0,0,ARL,1264725
10,2025-07-17T11:00:00.125174985Z,2025-07-17T11:00:00.125174985Z,10,2,1108,C,B,0,5.370000000,100,130,165929,10583317,5.40,100,1,21.33,100,1,,0,0,21.47,100,1,,0,0,,0,0,,0,0,,0,0,,0,0,,0,0,,0,0,,0,0,,0,0,,0,0,,0,0,,0,0,,0,0,,0,0,,0,0,,0,0,ARL,1263973
11,2025-07-17T11:00:00.125182048Z,2025-07-17T11:00:00.125182048Z,10,2,1108,A,B,0,9.790000000,100,130,165199,10583320,9.79,100,1,21.33,100,1,5.40,100,1,21.47,100,1,,0,0,,0,0,,0,0,,0,0,,0,0,,0,0,,0,0,,0,0,,0,0,,0,0,,0,0,,0,0,,0,0,,0,0,,0,0,,0,0,ARL,12852457
12,2025-07-17T11:00:00.125454029Z,2025-07-17T11:00:00.125454029Z,10,2,1108,C,B,0,5.400000000,100,130,165713,10583363,9.79,100,1,21.33,100,1,,0,0,21.47,100,1,,0,0,,0,0,,0,0,,0,0,,0,0,,0,0,,0,0,,0,0,,0,0,,0,0,,0,0,,0,0,,0,0,,0,0,,0,0,,0,0,ARL,1264721
13,2025-07-17T11:00:00.125460962Z,2025-07-17T11:00:00.125460962Z,10,2,1108,A,B,0,9.840000000,100,130,165088,10583364,9.84,100,1,21.33,100,1,9.79,100,1,21.47,100,1,,0,0,,0,0,,0,0,,0,0,,0,0,,0,0,,0,0,,0,0,,0,0,,0,0,,0,0,,0,0,,0,0,,0,0,,0,0,,0,0,ARL,12852537
14,2025-07-17T11:00:07.975824831Z,2025-07-17T11:00:07.975824831Z,10,2,1108,C,A,0,21.330000000,100,130,165390,10674471,9.84,100,1,21.47,100,1,9.79,100,1,,0,0,,0,0,,0,0,,0,0,,0,0,,0,0,,0,0,,0,0,,0,0,,0,0,,0,0,,0,0,,0,0,,0,0,,0,0,,0,0,,0,0,ARL,817597
15,2025-07-17T11:00:07.975837956Z,2025-07-17T11:00:07.975837956Z,10,2,1108,A,A,0,17.440000000,100,130,165427,10674472,9.84,100,1,17.44,100,1,9.79,100,1,21.47,100,1,,0,0,,0,0,,0,0,,0,0,,0,0,,0,0,,0,0,,0,0,,0,0,,0,0,,0,0,,0,0,,0,0,,0,0,,0,0,,0,0,ARL,12983425
16,2025-07-17T11:00:07.975972618Z,2025-07-17T11:00:07.975972618Z,10,2,1108,C,A,0,21.470000000,100,130,165484,10674473,9.84,100,1,17.44,100,1,9.79,100,1,,0,0,,0,0,,0,0,,0,0,,0,0,,0,0,,0,0,,0,0,,0,0,,0,0,,0,0,,0,0,,0,0,,0,0,,0,0,,0,0,,0,0,ARL,1264725
17,2025-07-17T11:00:07.975979367Z,2025-07-17T11:00:07.975979367Z,10,2,1108,A,A,0,17.360000000,100,130,165357,10674474,9.84,100,1,17.36,100,1,9.79,100,1,17.44,100,1,,0,0,,0,0,,0,0,,0,0,,0,0,,0,0,,0,0,,0,0,,0,0,,0,0,,0,0,,0,0,,0,0,,0,0,,0,0,,0,0,ARL,12983429
18,2025-07-17T11:00:08.254975294Z,2025-07-17T11:00:08.254975294Z,10,2,1108,C,A,0,17.440000000,100,130,165204,10676310,9.84,100,1,17.36,100,1,9.79,100,1,,0,0,,0,0,,0,0,,0,0,,0,0,,0,0,,0,0,,0,0,,0,0,,0,0,,0,0,,0,0,,0,0,,0,0,,0,0,,0,0,,0,0,ARL,12983425
19,2025-07-17T11:00:08.254985173Z,2025-07-17T11:00:08.254985173Z,10,2,1108,A,A,0,18.920000000,100,130,165286,10676311,9.84,100,1,17.36,100,1,9.79,100,1,18.92,100,1,,0,0,,0,0,,0,0,,0,0,,0,0,,0,0,,0,0,,0,0,,0,0,,0,0,,0,0,,0,0,,0,0,,0,0,,0,0,,0,0,ARL,12985397
20,2025-07-17T11:00:08.255147130Z,2025-07-17T11:00:08.255147130Z,10,2,1108,C,A,0,17.360000000,100,130,165096,10676314,9.84,100,1,18.92,100,1,9.79,100,1,,0,0,,0,0,,0,0,,0,0,,0,0,,0,0,,0,0,,0,0,,0,0,,0,0,,0,0,,0,0,,0,0,,0,0,,0,0,,0,0,,0,0,ARL,12983429
21,2025-07-17T11:00:08.255155317Z,2025-07-17T11:00:08.255155317Z,10,2,1108,A,A,0,18.840000000,100,130,165097,10676315,9.84,100,1,18.84,100,1,9.79,100,1,18.92,100,1,,0,0,,0,0,,0,0,,0,0,,0,0,,0,0,,0,0,,0,0,,0,0,,0,0,,0,0,,0,0,,0,0,,0,0,,0,0,,0,0,ARL,12985401
22,2025-07-17T11:00:08.255862656Z,2025-07-17T11:00:08.255862656Z,10,2,1108,C,A,0,18.920000000,100,130,165036,10676320,9.84,100,1,18.84,100,1,9.79,100,1,,0,0,,0,0,,0,0,,0,0,,0,0,,0,0,,0,0,,0,0,,0,0,,0,0,,0,0,,0,0,,0,0,,0,0,,0,0,,0,0,,0,0,ARL,12985397
23,2025-07-17T11:00:08.255871843Z,2025-07-17T11:00:08.255871843Z,10,2,1108,A,A,0,20.620000000,100,130,165232,10676321,9.84,100,1,18.84,100,1,9.79,100,1,20.62,100,1,,0,0,,0,0,,0,0,,0,0,,0,0,,0,0,,0,0,,0,0,,0,0,,0,0,,0,0,,0,0,,0,0,,0,0,,0,0,,0,0,ARL,12985405
24,2025-07-17T11:00:08.256168895Z,2025-07-17T11:00:08.256168895Z,10,2,1108,C,A,0,18.840000000,100,130,165011,10676324,9.84,100,1,20.62,100,1,9.79,100,1,,0,0,,0,0,,0,0,,0,0,,0,0,,0,0,,0,0,,0,0,,0,0,,0,0,,0,0,,0,0,,0,0,,0,0,,0,0,,0,0,,0,0,ARL,12985401
25,2025-07-17T11:00:08.256175346Z,2025-07-17T11:00:08.256175346Z,10,2,1108,A,A,0,20.530000000,100,130,165269,10676325,9.84,100,1,20.53,100,1,9.79,100,1,20.62,100,1,,0,0,,0,0,,0,0,,0,0,,0,0,,0,0,,0,0,,0,0,,0,0,,0,0,,0,0,,0,0,,0,0,,0,0,,0,0,,0,0,ARL,12985413
26,2025-07-17T11:00:08.256885010Z,2025-07-17T11:00:08.256885010Z,10,2,1108,C,A,0,20.620000000,100,130,165272,10676333,9.84,100,1,20.53,100,1,9.79,100,1,,0,0,,0,0,,0,0,,0,0,,0,0,,0,0,,0,0,,0,0,,0,0,,0,0,,0,0,,0,0,,0,0,,0,0,,0,0,,0,0,,0,0,ARL,12985405
27,2025-07-17T11:00:08.256892686Z,2025-07-17T11:00:08.256892686Z,10,2,1108,A,A,0,21.470000000,100,130,165384,10676334,9.84,100,1,20.53,100,1,9.79,100,1,21.47,100,1,,0,0,,0,0,,0,0,,0,0,,0,0,,0,0,,0,0,,0,0,,0,0,,0,0,,0,0,,0,0,,0,0,,0,0,,0,0,,0,0,ARL,12985417
28,2025-07-17T11:00:08.257069458Z,2025-07-17T11:00:08.257069458Z,10,2,1108,C,A,0,20.530000000,100,130,165354,10676335,9.84,100,1,21.47,100,1,9.79,100,1,,0,0,,0,0,,0,0,,0,0,,0,0,,0,0,,0,0,,0,0,,0,0,,0,0,,0,0,,0,0,,0,0,,0,0,,0,0,,0,0,,0,0,ARL,12985413
29,2025-07-17T11:00:08.257076085Z,2025-07-17T11:00:08.257076085Z,10,2,1108,A,A,0,21.470000000,100,130,165249,10676336,9.84,100,1,21.47,200,1,9.79,100,1,,0,0,,0,0,,0,0,,0,0,,0,0,,0,0,,0,0,,0,0,,0,0,,0,0,,0,0,,0,0,,0,0,,0,0,,0,0,,0,0,,0,0,ARL,12985421
30,2025-07-17T11:01:05.260421351Z,2025-07-17T11:01:05.260421351Z,10,2,1108,C,A,0,21.470000000,100,130,165317,10824633,9.84,100,1,21.47,100,1,9.79,100,1,,0,0,,0,0,,0,0,,0,0,,0,0,,0,0,,0,0,,0,0,,0,0,,0,0,,0,0,,0,0,,0,0,,0,0,,0,0,,0,0,,0,0,ARL,12985417
31,2025-07-17T11:01:05.260445703Z,2025-07-17T11:01:05.260445703Z,10,2,1108,A,A,0,17.440000000,100,130,165434,10824634,9.84,100,1,17.44,100,1,9.79,100,1,21.47,100,1,,0,0,,0,0,,0,0,,0,0,,0,0,,0,0,,0,0,,0,0,,0,0,,0,0,,0,0,,0,0,,0,0,,0,0,,0,0,,0,0,ARL,13174157
32,2025-07-17T11:01:05.260693130Z,2025-07-17T11:01:05.260693130Z,10,2,1108,C,A,0,21.470000000,100,130,165306,10824635,9.84,100,1,17.44,100,1,9.79,100,1,,0,0,,0,0,,0,0,,0,0,,0,0,,0,0,,0,0,,0,0,,0,0,,0,0,,0,0,,0,0,,0,0,,0,0,,0,0,,0,0,,0,0,ARL,12985421
33,2025-07-17T11:01:05.260709480Z,2025-07-17T11:01:05.260709480Z,10,2,1108,A,A,0,17.360000000,100,130,165150,10824636,9.84,100,1,17.36,100,1,9.79,100,1,17.44,100,1,,0,0,,0,0,,0,0,,0,0,,0,0,,0,0,,0,0,,0,0,,0,0,,0,0,,0,0,,0,0,,0,0,,0,0,,0,0,,0,0,ARL,13174161
34,2025-07-17T11:56:26.691461161Z,2025-07-17T11:56:26.691461161Z,10,2,1108,C,B,0,9.790000000,100,130,165682,14213017,9.84,100,1,17.36,100,1,,0,0,17.44,100,1,,0,0,,0,0,,0,0,,0,0,,0,0,,0,0,,0,0,,0,0,,0,0,,0,0,,0,0,,0,0,,0,0,,0,0,,0,0,,0,0,ARL,12852457
35,2025-07-17T11:56:26.691465204Z,2025-07-17T11:56:26.691465204Z,10,2,1108,C,A,0,17.440000000,100,130,165335,14213018,9.84,100,1,17.36,100,1,,0,0,,0,0,,0,0,,0,0,,0,0,,0,0,,0,0,,0,0,,0,0,,0,0,,0,0,,0,0,,0,0,,0,0,,0,0,,0,0,,0,0,,0,0,ARL,13174157
36,2025-07-17T11:56:26.694767820Z,2025-07-17T11:56:26.694767820Z,10,2,1108,A,B,0,9.790000000,100,130,165430,14213075,9.84,100,1,17.36,100,1,9.79,100,1,,0,0,,0,0,,0,0,,0,0,,0,0,,0,0,,0,0,,0,0,,0,0,,0,0,,0,0,,0,0,,0,0,,0,0,,0,0,,0,0,,0,0,ARL,19202569
37,2025-07-17T11:56:26.694772016Z,2025-07-17T11:56:26.694772016Z,10,2,1108,A,A,0,17.440000000,100,130,165345,14213076,9.84,100,1,17.36,100,1,9.79,100,1,17.44,100,1,,0,0,,0,0,,0,0,,0,0,,0,0,,0,0,,0,0,,0,0,,0,0,,0,0,,0,0,,0,0,,0,0,,0,0,,0,0,,0,0,ARL,19202573
38,2025-07-17T11:56:30.445937099Z,2025-07-17T11:56:30.445937099Z,10,2,1108,C,A,0,17.440000000,100,130,165310,14219824,9.84,100,1,17.36,100,1,9.79,100,1,,0,0,,0,0,,0,0,,0,0,,0,0,,0,0,,0,0,,0,0,,0,0,,0,0,,0,0,,0,0,,0,0,,0,0,,0,0,,0,0,,0,0,ARL,19202573
39,2025-07-17T11:56:30.445951937Z,2025-07-17T11:56:30.445951937Z,10,2,1108,A,A,0,17.930000000,100,130,165512,14219825,9.84,100,1,17.36,100,1,9.79,100,1,17.93,100,1,,0,0,,0,0,,0,0,,0,0,,0,0,,0,0,,0,0,,0,0,,0,0,,0,0,,0,0,,0,0,,0,0,,0,0,,0,0,,0,0,ARL,19218909
40,2025-07-17T11:56:30.446066952Z,2025-07-17T11:56:30.446066952Z,10,2,1108,C,A,0,17.930000000,100,130,165013,14219826,9.84,100,1,17.36,100,1,9.79,100,1,,0,0,,0,0,,0,0,,0,0,,0,0,,0,0,,0,0,,0,0,,0,0,,0,0,,0,0,,0,0,,0,0,,0,0,,0,0,,0,0,,0,0,ARL,19218909
41,2025-07-17T11:56:30.446084801Z,2025-07-17T11:56:30.446084801Z,10,2,1108,A,A,0,17.440000000,100,130,165347,14219827,9.84,100,1,17.36,100,1,9.79,100,1,17.44,100,1,,0,0,,0,0,,0,0,,0,0,,0,0,,0,0,,0,0,,0,0,,0,0,,0,0,,0,0,,0,0,,0,0,,0,0,,0,0,,0,0,ARL,19218913
42,2025-07-17T11:56:30.446191769Z,2025-07-17T11:56:30.446191769Z,10,2,1108,C,A,0,17.360000000,100,130,165423,14219828,9.84,100,1,17.44,100,1,9.79,100,1,,0,0,,0,0,,0,0,,0,0,,0,0,,0,0,,0,0,,0,0,,0,0,,0,0,,0,0,,0,0,,0,0,,0,0,,0,0,,0,0,,0,0,ARL,13174161
43,2025-07-17T11:56:30.446213519Z,2025-07-17T11:56:30.446213519Z,10,2,1108,A,A,0,17.850000000,100,130,165517,14219829,9.84,100,1,17.44,100,1,9.79,100,1,17.85,100,1,,0,0,,0,0,,0,0,,0,0,,0,0,,0,0,,0,0,,0,0,,0,0,,0,0,,0,0,,0,0,,0,0,,0,0,,0,0,,0,0,ARL,19218917
44,2025-07-17T11:56:30.446378732Z,2025-07-17T11:56:30.446378732Z,10,2,1108,C,A,0,17.850000000,100,130,164905,14219830,9.84,100,1,17.44,100,1,9.79,100,1,,0,0,,0,0,,0,0,,0,0,,0,0,,0,0,,0,0,,0,0,,0,0,,0,0,,0,0,,0,0,,0,0,,0,0,,0,0,,0,0,,0,0,ARL,19218917
45,2025-07-17T11:56:30.446558412Z,2025-07-17T11:56:30.446558412Z,10,2,1108,A,A,0,17.360000000,100,130,165234,14219831,9.84,100,1,17.36,100,1,9.79,100,1,17.44,100,1,,0,0,,0,0,,0,0,,0,0,,0,0,,0,0,,0,0,,0,0,,0,0,,0,0,,0,0,,0,0,,0,0,,0,0,,0,0,,0,0,ARL,19218921
46,2025-07-17T11:57:30.222822537Z,2025-07-17T11:57:30.222822537Z,10,2,1108,C,B,0,9.840000000,100,130,165260,14325877,9.79,100,1,17.36,100,1,,0,0,17.44,100,1,,0,0,,0,0,,0,0,,0,0,,0,0,,0,0,,0,0,,0,0,,0,0,,0,0,,0,0,,0,0,,0,0,,0,0,,0,0,,0,0,ARL,12852537
47,2025-07-17T11:57:30.222823580Z,2025-07-17T11:57:30.222823580Z,10,2,1108,C,A,0,17.360000000,100,130,165198,14325878,9.79,100,1,17.44,100,1,,0,0,,0,0,,0,0,,0,0,,0,0,,0,0,,0,0,,0,0,,0,0,,0,0,,0,0,,0,0,,0,0,,0,0,,0,0,,0,0,,0,0,,0,0,ARL,19218921
48,2025-07-17T11:57:30.223986626Z,2025-07-17T11:57:30.223986626Z,10,2,1108,A,B,0,9.840000000,100,130,165341,14325937,9.84,100,1,17.44,100,1,9.79,100,1,,0,0,,0,0,,0,0,,0,0,,0,0,,0,0,,0,0,,0,0,,0,0,,0,0,,0,0,,0,0,,0,0,,0,0,,0,0,,0,0,,0,0,ARL,19346173
49,2025-07-17T11:57:30.223991040Z,2025-07-17T11:57:30.223991040Z,10,2,1108,A,A,0,17.360000000,100,130,165106,14325938,9.84,100,1,17.36,100,1,9.79,100,1,17.44,100,1,,0,0,,0,0,,0,0,,0,0,,0,0,,0,0,,0,0,,0,0,,0,0,,0,0,,0,0,,0,0,,0,0,,0,0,,0,0,,0,0,ARL,19346177
50,2025-07-17T12:30:01.317842911Z,2025-07-17T12:30:01.317842911Z,10,2,1108,A,A,0,20.480000000,100,130,165874,16864046,9.84,100,1,17.36,100,1,9.79,100,1,17.44,100,1,,0,0,20.48,100,1,,0,0,,0,0,,0,0,,0,0,,0,0,,0,0,,0,0,,0,0,,0,0,,0,0,,0,0,,0,0,,0,0,,0,0,ARL,23570297
51,2025-07-17T12:30:03.426300621Z,2025-07-17T12:30:03.426300621Z,10,2,1108,A,B,0,7.740000000,100,130,165236,16882670,9.84,100,1,17.36,100,1,9.79,100,1,17.44,100,1,7.74,100,1,20.48,100,1,,0,0,,0,0,,0,0,,0,0,,0,0,,0,0,,0,0,,0,0,,0,0,,0,0,,0,0,,0,0,,0,0,,0,0,ARL,23616197
52,2025-07-17T12:30:03.426301523Z,2025-07-17T12:30:03.426301523Z,10,2,1108,A,A,0,20.480000000,100,130,165339,16882671,9.84,100,1,17.36,100,1,9.79,100,1,17.44,100,1,7.74,100,1,20.48,200,1,,0,0,,0,0,,0,0,,0,0,,0,0,,0,0,,0,0,,0,0,,0,0,,0,0,,0,0,,0,0,,0,0,,0,0,ARL,23616201
53,2025-07-17T12:30:03.604533925Z,2025-07-17T12:30:03.604533925Z,10,2,1108,A,B,0,7.740000000,100,130,165243,16886020,9.84,100,1,17.36,100,1,9.79,100,1,17.44,100,1,7.74,200,1,20.48,200,1,,0,0,,0,0,,0,0,,0,0,,0,0,,0,0,,0,0,,0,0,,0,0,,0,0,,0,0,,0,0,,0,0,,0,0,ARL,23622101
54,2025-07-17T12:30:51.178228608Z,2025-07-17T12:30:51.178228608Z,10,2,1108,A,A,0,20.480000000,100,130,165625,17120703,9.84,100,1,17.36,100,1,9.79,100,1,17.44,100,1,7.74,200,1,20.48,300,1,,0,0,,0,0,,0,0,,0,0,,0,0,,0,0,,0,0,,0,0,,0,0,,0,0,,0,0,,0,0,,0,0,,0,0,ARL,24099409
55,2025-07-17T12:30:51.642959794Z,2025-07-17T12:30:51.642959794Z,10,2,1108,A,B,0,7.740000000,100,130,165373,17122998,9.84,100,1,17.36,100,1,9.79,100,1,17.44,100,1,7.74,300,1,20.48,300,1,,0,0,,0,0,,0,0,,0,0,,0,0,,0,0,,0,0,,0,0,,0,0,,0,0,,0,0,,0,0,,0,0,,0,0,ARL,24102329
56,2025-07-17T13:15:00.032446132Z,2025-07-17T13:15:00.032446132Z,10,2,1108,C,A,0,17.440000000,100,130,165604,23080007,9.84,100,1,17.36,100,1,9.79,100,1,20.48,300,1,7.74,300,1,,0,0,,0,0,,0,0,,0,0,,0,0,,0,0,,0,0,,0,0,,0,0,,0,0,,0,0,,0,0,,0,0,,0,0,,0,0,ARL,19218913
57,2025-07-17T13:15:00.032483824Z,2025-07-17T13:15:00.032483824Z,10,2,1108,C,B,0,9.790000000,100,128,167387,23080041,9.84,100,1,17.36,100,1,7.74,300,1,20.48,300,1,,0,0,,0,0,,0,0,,0,0,,0,0,,0,0,,0,0,,0,0,,0,0,,0,0,,0,0,,0,0,,0,0,,0,0,,0,0,,0,0,ARL,19202569
58,2025-07-17T13:15:00.058314138Z,2025-07-17T13:15:00.058314138Z,10,2,1108,C,A,0,17.360000000,100,128,166100,23101369,9.84,100,1,20.48,300,1,7.74,300,1,,0,0,,0,0,,0,0,,0,0,,0,0,,0,0,,0,0,,0,0,,0,0,,0,0,,0,0,,0,0,,0,0,,0,0,,0,0,,0,0,,0,0,ARL,19346177
59,2025-07-17T13:15:00.058371545Z,2025-07-17T13:15:00.058371545Z,10,2,1108,C,B,0,9.840000000,100,130,165839,23101396,7.74,300,1,20.48,300,1,,0,0,,0,0,,0,0,,0,0,,0,0,,0,0,,0,0,,0,0,,0,0,,0,0,,0,0,,0,0,,0,0,,0,0,,0,0,,0,0,,0,0,,0,0,ARL,19346173
60,2025-07-17T13:15:01.925073727Z,2025-07-17T13:15:01.925073727Z,10,2,1108,A,B,0,7.740000000,100,130,165317,23123943,7.74,400,1,20.48,300,1,,0,0,,0,0,,0,0,,0,0,,0,0,,0,0,,0,0,,0,0,,0,0,,0,0,,0,0,,0,0,,0,0,,0,0,,0,0,,0,0,,0,0,,0,0,ARL,31960841
61,2025-07-17T13:15:02.042741730Z,2025-07-17T13:15:02.042741730Z,10,2,1108,A,A,0,20.480000000,100,130,165217,23124563,7.74,400,1,20.48,400,1,,0,0,,0,0,,0,0,,0,0,,0,0,,0,0,,0,0,,0,0,,0,0,,0,0,,0,0,,0,0,,0,0,,0,0,,0,0,,0,0,,0,0,,0,0,ARL,31962113
62,2025-07-17T13:17:49.831164624Z,2025-07-17T13:17:49.831164624Z,10,2,1108,A,B,0,7.740000000,100,130,165264,23465434,7.74,500,1,20.48,400,1,,0,0,,0,0,,0,0,,0,0,,0,0,,0,0,,0,0,,0,0,,0,0,,0,0,,0,0,,0,0,,0,0,,0,0,,0,0,,0,0,,0,0,,0,0,ARL,33574717
63,2025-07-17T13:17:49.831544051Z,2025-07-17T13:17:49.831544051Z,10,2,1108,A,A,0,20.480000000,100,130,165314,23465435,7.74,500,1,20.48,500,1,,0,0,,0,0,,0,0,,0,0,,0,0,,0,0,,0,0,,0,0,,0,0,,0,0,,0,0,,0,0,,0,0,,0,0,,0,0,,0,0,,0,0,,0,0,ARL,33574725
64,2025-07-17T13:19:57.597203040Z,2025-07-17T13:19:57.597203040Z,10,2,1108,A,B,0,8.740000000,100,130,165281,23710201,8.74,100,1,20.48,500,1,7.74,500,1,,0,0,,0,0,,0,0,,0,0,,0,0,,0,0,,0,0,,0,0,,0,0,,0,0,,0,0,,0,0,,0,0,,0,0,,0,0,,0,0,,0,0,ARL,34790041
65,2025-07-17T13:19:57.597291053Z,2025-07-17T13:19:57.597291053Z,10,2,1108,A,A,0,18.350000000,100,130,165217,23710202,8.74,100,1,18.35,100,1,7.74,500,1,20.48,500,1,,0,0,,0,0,,0,0,,0,0,,0,0,,0,0,,0,0,,0,0,,0,0,,0,0,,0,0,,0,0,,0,0,,0,0,,0,0,,0,0,ARL,34790045
66,2025-07-17T13:19:58.492619751Z,2025-07-17T13:19:58.492619751Z,10,2,1108,A,A,0,18.240000000,100,130,165309,23728432,8.74,100,1,18.24,100,1,7.74,500,1,18.35,100,1,,0,0,20.48,500,1,,0,0,,0,0,,0,0,,0,0,,0,0,,0,0,,0,0,,0,0,,0,0,,0,0,,0,0,,0,0,,0,0,,0,0,ARL,34810233
67,2025-07-17T13:19:58.492634480Z,2025-07-17T13:19:58.492634480Z,10,2,1108,A,B,0,9.240000000,100,130,165346,23728435,9.24,100,1,18.24,100,1,8.74,100,1,18.35,100,1,7.74,500,1,20.48,500,1,,0,0,,0,0,,0,0,,0,0,,0,0,,0,0,,0,0,,0,0,,0,0,,0,0,,0,0,,0,0,,0,0,,0,0,ARL,34810241
68,2025-07-17T13:20:00.525263842Z,2025-07-17T13:20:00.525263842Z,10,2,1108,C,A,0,18.240000000,100,0,166519,23765825,9.24,100,1,18.35,100,1,8.74,100,1,20.48,500,1,7.74,500,1,,0,0,,0,0,,0,0,,0,0,,0,0,,0,0,,0,0,,0,0,,0,0,,0,0,,0,0,,0,0,,0,0,,0,0,,0,0,ARL,34810233
69,2025-07-17T13:20:00.525264700Z,2025-07-17T13:20:00.525264700Z,10,2,1108,C,B,0,9.240000000,100,130,165661,23765826,8.74,100,1,18.35,100,1,7.74,500,1,20.48,500,1,,0,0,,0,0,,0,0,,0,0,,0,0,,0,0,,0,0,,0,0,,0,0,,0,0,,0,0,,0,0,,0,0,,0,0,,0,0,,0,0,ARL,34810241
70,2025-07-17T13:25:00.157467184Z,2025-07-17T13:25:00.157467184Z,10,2,1108,C,B,0,8.740000000,100,130,165039,24448205,7.74,500,1,18.35,100,1,,0,0,20.48,500,1,,0,0,,0,0,,0,0,,0,0,,0,0,,0,0,,0,0,,0,0,,0,0,,0,0,,0,0,,0,0,,0,0,,0,0,,0,0,,0,0,ARL,34790041
71,2025-07-17T13:25:00.157473422Z,2025-07-17T13:25:00.157473422Z,10,2,1108,C,A,0,18.350000000,100,130,165090,24448207,7.74,500,1,20.48,500,1,,0,0,,0,0,,0,0,,0,0,,0,0,,0,0,,0,0,,0,0,,0,0,,0,0,,0,0,,0,0,,0,0,,0,0,,0,0,,0,0,,0,0,,0,0,ARL,34790045
72,2025-07-17T13:25:01.732320109Z,2025-07-17T13:25:01.732320109Z,10,2,1108,A,B,0,7.740000000,100,130,165277,24478872,7.74,600,1,20.48,500,1,,0,0,,0,0,,0,0,,0,0,,0,0,,0,0,,0,0,,0,0,,0,0,,0,0,,0,0,,0,0,,0,0,,0,0,,0,0,,0,0,,0,0,,0,0,ARL,38041417
73,2025-07-17T13:25:01.819282823Z,2025-07-17T13:25:01.819282823Z,10,2,1108,A,A,0,20.480000000,100,130,165137,24480276,7.74,600,1,20.48,600,1,,0,0,,0,0,,0,0,,0,0,,0,0,,0,0,,0,0,,0,0,,0,0,,0,0,,0,0,,0,0,,0,0,,0,0,,0,0,,0,0,,0,0,,0,0,ARL,38043741
74,2025-07-17T13:28:08.191915168Z,2025-07-17T13:28:08.191915168Z,10,2,1108,A,B,0,7.740000000,100,130,165295,25597187,7.74,700,1,20.48,600,1,,0,0,,0,0,,0,0,,0,0,,0,0,,0,0,,0,0,,0,0,,0,0,,0,0,,0,0,,0,0,,0,0,,0,0,,0,0,,0,0,,0,0,,0,0,ARL,40617777
75,2025-07-17T13:28:08.191982270Z,2025-07-17T13:28:08.191982270Z,10,2,1108,A,A,0,20.480000000,100,130,165331,25597189,7.74,700,1,20.48,700,1,,0,0,,0,0,,0,0,,0,0,,0,0,,0,0,,0,0,,0,0,,0,0,,0,0,,0,0,,0,0,,0,0,,0,0,,0,0,,0,0,,0,0,,0,0,ARL,40617785
76,2025-07-17T13:28:21.011249114Z,2025-07-17T13:28:21.011249114Z,10,2,1108,A,A,0,18.320000000,700,130,165478,25907820,7.74,700,1,18.32,700,1,,0,0,20.48,700,1,,0,0,,0,0,,0,0,,0,0,,0,0,,0,0,,0,0,,0,0,,0,0,,0,0,,0,0,,0,0,,0,0,,0,0,,0,0,,0,0,ARL,40846101
77,2025-07-17T13:28:21.028865155Z,2025-07-17T13:28:21.028865155Z,10,2,1108,A,B,0,9.290000000,700,130,165210,25917006,9.29,700,1,18.32,700,1,7.74,700,1,20.48,700,1,,0,0,,0,0,,0,0,,0,0,,0,0,,0,0,,0,0,,0,0,,0,0,,0,0,,0,0,,0,0,,0,0,,0,0,,0,0,,0,0,ARL,40851989
78,2025-07-17T13:28:30.048730211Z,2025-07-17T13:28:30.048730211Z,10,2,1108,A,B,0,9.670000000,100,130,165257,26140646,9.67,100,1,18.32,700,1,9.29,700,1,20.48,700,1,7.74,700,1,,0,0,,0,0,,0,0,,0,0,,0,0,,0,0,,0,0,,0,0,,0,0,,0,0,,0,0,,0,0,,0,0,,0,0,,0,0,ARL,40999441
79,2025-07-17T13:28:30.048741690Z,2025-07-17T13:28:30.048741690Z,10,2,1108,A,A,0,17.600000000,100,130,165762,26140658,9.67,100,1,17.60,100,1,9.29,700,1,18.32,700,1,7.74,700,1,20.48,700,1,,0,0,,0,0,,0,0,,0,0,,0,0,,0,0,,0,0,,0,0,,0,0,,0,0,,0,0,,0,0,,0,0,,0,0,ARL,40999449
80,2025-07-17T13:28:30.051894007Z,2025-07-17T13:28:30.051894007Z,10,2,1108,A,B,0,9.990000000,100,130,167791,26142104,9.99,100,1,17.60,100,1,9.67,100,1,18.32,700,1,9.29,700,1,20.48,700,1,7.74,700,1,,0,0,,0,0,,0,0,,0,0,,0,0,,0,0,,0,0,,0,0,,0,0,,0,0,,0,0,,0,0,,0,0,ARL,41000165
81,2025-07-17T13:28:30.051907073Z,2025-07-17T13:28:30.051907073Z,10,2,1108,A,A,0,17.120000000,100,130,165495,26142118,9.99,100,1,17.12,100,1,9.67,100,1,17.60,100,1,9.29,700,1,18.32,700,1,7.74,700,1,20.48,700,1,,0,0,,0,0,,0,0,,0,0,,0,0,,0,0,,0,0,,0,0,,0,0,,0,0,,0,0,,0,0,ARL,41000173
82,2025-07-17T13:28:30.256853564Z,2025-07-17T13:28:30.256853564Z,10,2,1108,A,B,0,9.670000000,100,130,165280,26170917,9.99,100,1,17.12,100,1,9.67,200,1,17.60,100,1,9.29,700,1,18.32,700,1,7.74,700,1,20.48,700,1,,0,0,,0,0,,0,0,,0,0,,0,0,,0,0,,0,0,,0,0,,0,0,,0,0,,0,0,,0,0,ARL,41021369
83,2025-07-17T13:28:30.256865858Z,2025-07-17T13:28:30.256865858Z,10,2,1108,A,A,0,17.600000000,100,130,165298,26170918,9.99,100,1,17.12,100,1,9.67,200,1,17.60,200,1,9.29,700,1,18.32,700,1,7.74,700,1,20.48,700,1,,0,0,,0,0,,0,0,,0,0,,0,0,,0,0,,0,0,,0,0,,0,0,,0,0,,0,0,,0,0,ARL,41021373
84,2025-07-17T13:28:30.277457031Z,2025-07-17T13:28:30.277457031Z,10,2,1108,A,B,0,9.990000000,100,130,165315,26171531,9.99,200,1,17.12,100,1,9.67,200,1,17.60,200,1,9.29,700,1,18.32,700,1,7.74,700,1,20.48,700,1,,0,0,,0,0,,0,0,,0,0,,0,0,,0,0,,0,0,,0,0,,0,0,,0,0,,0,0,,0,0,ARL,41021837
85,2025-07-17T13:28:30.277470320Z,2025-07-17T13:28:30.277470320Z,10,2,1108,A,A,0,17.120000000,100,130,165325,26171533,9.99,200,1,17.12,200,1,9.67,200,1,17.60,200,1,9.29,700,1,18.32,700,1,7.74,700,1,20.48,700,1,,0,0,,0,0,,0,0,,0,0,,0,0,,0,0,,0,0,,0,0,,0,0,,0,0,,0,0,,0,0,ARL,41021841
86,2025-07-17T13:28:30.613317490Z,2025-07-17T13:28:30.613317490Z,10,2,1108,A,B,0,9.130000000,100,130,165177,26182390,9.99,200,1,17.12,200,1,9.67,200,1,17.60,200,1,9.29,700,1,18.32,700,1,9.13,100,1,20.48,700,1,7.74,700,1,,0,0,,0,0,,0,0,,0,0,,0,0,,0,0,,0,0,,0,0,,0,0,,0,0,,0,0,ARL,41032049
87,2025-07-17T13:28:30.613329849Z,2025-07-17T13:28:30.613329849Z,10,2,1108,A,A,0,18.400000000,100,130,165208,26182393,9.99,200,1,17.12,200,1,9.67,200,1,17.60,200,1,9.29,700,1,18.32,700,1,9.13,100,1,18.40,100,1,7.74,700,1,20.48,700,1,,0,0,,0,0,,0,0,,0,0,,0,0,,0,0,,0,0,,0,0,,0,0,,0,0,ARL,41032057
88,2025-07-17T13:28:41.476711173Z,2025-07-17T13:28:41.476711173Z,10,2,1108,A,B,0,7.840000000,100,130,165374,26518296,9.99,200,1,17.12,200,1,9.67,200,1,17.60,200,1,9.29,700,1,18.32,700,1,9.13,100,1,18.40,100,1,7.84,100,1,20.48,700,1,7.74,700,1,,0,0,,0,0,,0,0,,0,0,,0,0,,0,0,,0,0,,0,0,,0,0,ARL,41306441
89,2025-07-17T13:28:41.476722715Z,2025-07-17T13:28:41.476722715Z,10,2,1108,A,A,0,20.320000000,100,130,165260,26518297,9.99,200,1,17.12,200,1,9.67,200,1,17.60,200,1,9.29,700,1,18.32,700,1,9.13,100,1,18.40,100,1,7.84,100,1,20.32,100,1,7.74,700,1,20.48,700,1,,0,0,,0,0,,0,0,,0,0,,0,0,,0,0,,0,0,,0,0,ARL,41306445
90,2025-07-17T13:28:46.014739305Z,2025-07-17T13:28:46.014739305Z,10,2,1108,A,A,0,15.300000000,100,130,165569,26613800,9.99,200,1,15.30,100,1,9.67,200,1,17.12,200,1,9.29,700,1,17.60,200,1,9.13,100,1,18.32,700,1,7.84,100,1,18.40,100,1,7.74,700,1,20.32,100,1,,0,0,20.48,700,1,,0,0,,0,0,,0,0,,0,0,,0,0,,0,0,ARL,41370837
91,2025-07-17T13:28:46.014802018Z,2025-07-17T13:28:46.014802018Z,10,2,1108,C,A,0,20.480000000,100,0,165982,26613836,9.99,200,1,15.30,100,1,9.67,200,1,17.12,200,1,9.29,700,1,17.60,200,1,9.13,100,1,18.32,700,1,7.84,100,1,18.40,100,1,7.74,700,1,20.32,100,1,,0,0,20.48,600,1,,0,0,,0,0,,0,0,,0,0,,0,0,,0,0,ARL,23570297
92,2025-07-17T13:28:46.014802018Z,2025-07-17T13:28:46.014802018Z,10,2,1108,A,A,0,19.580000000,100,130,165982,26613836,9.99,200,1,15.30,100,1,9.67,200,1,17.12,200,1,9.29,700,1,17.60,200,1,9.13,100,1,18.32,700,1,7.84,100,1,18.40,100,1,7.74,700,1,19.58,100,1,,0,0,20.32,100,1,,0,0,20.48,600,1,,0,0,,0,0,,0,0,,0,0,ARL,41370945
93,2025-07-17T13:28:46.014803011Z,2025-07-17T13:28:46.014803011Z,10,2,1108,C,A,0,20.480000000,100,0,166124,26613837,9.99,200,1,15.30,100,1,9.67,200,1,17.12,200,1,9.29,700,1,17.60,200,1,9.13,100,1,18.32,700,1,7.84,100,1,18.40,100,1,7.74,700,1,19.58,100,1,,0,0,20.32,100,1,,0,0,20.48,500,1,,0,0,,0,0,,0,0,,0,0,ARL,23616201
94,2025-07-17T13:28:46.014803011Z,2025-07-17T13:28:46.014803011Z,10,2,1108,A,A,0,19.580000000,100,130,166124,26613837,9.99,200,1,15.30,100,1,9.67,200,1,17.12,200,1,9.29,700,1,17.60,200,1,9.13,100,1,18.32,700,1,7.84,100,1,18.40,100,1,7.74,700,1,19.58,200,1,,0,0,20.32,100,1,,0,0,20.48,500,1,,0,0,,0,0,,0,0,,0,0,ARL,41370949
95,2025-07-17T13:28:46.014804158Z,2025-07-17T13:28:46.014804158Z,10,2,1108,C,A,0,20.480000000,100,0,166541,26613838,9.99,200,1,15.30,100,1,9.67,200,1,17.12,200,1,9.29,700,1,17.60,200,1,9.13,100,1,18.32,700,1,7.84,100,1,18.40,100,1,7.74,700,1,19.58,200,1,,0,0,20.32,100,1,,0,0,20.48,400,1,,0,0,,0,0,,0,0,,0,0,ARL,24099409
96,2025-07-17T13:28:46.014804158Z,2025-07-17T13:28:46.014804158Z,10,2,1108,A,A,0,19.580000000,100,0,166541,26613838,9.99,200,1,15.30,100,1,9.67,200,1,17.12,200,1,9.29,700,1,17.60,200,1,9.13,100,1,18.32,700,1,7.84,100,1,18.40,100,1,7.74,700,1,19.58,300,1,,0,0,20.32,100,1,,0,0,20.48,400,1,,0,0,,0,0,,0,0,,0,0,ARL,41370953
97,2025-07-17T13:28:46.014804564Z,2025-07-17T13:28:46.014804564Z,10,2,1108,C,A,0,20.480000000,100,0,166135,26613839,9.99,200,1,15.30,100,1,9.67,200,1,17.12,200,1,9.29,700,1,17.60,200,1,9.13,100,1,18.32,700,1,7.84,100,1,18.40,100,1,7.74,700,1,19.58,300,1,,0,0,20.32,100,1,,0,0,20.48,300,1,,0,0,,0,0,,0,0,,0,0,ARL,31962113
98,2025-07-17T13:28:46.014804564Z,2025-07-17T13:28:46.014804564Z,10,2,1108,A,A,0,19.580000000,100,130,166135,26613839,9.99,200,1,15.30,100,1,9.67,200,1,17.12,200,1,9.29,700,1,17.60,200,1,9.13,100,1,18.32,700,1,7.84,100,1,18.40,100,1,7.74,700,1,19.58,400,1,,0,0,20.32,100,1,,0,0,20.48,300,1,,0,0,,0,0,,0,0,,0,0,ARL,41370957
99,2025-07-17T13:28:46.014805680Z,2025-07-17T13:28:46.014805680Z,10,2,1108,C,A,0,20.480000000,100,0,166471,26613840,9.99,200,1,15.30,100,1,9.67,200,1,17.12,200,1,9.29,700,1,17.60,200,1,9.13,100,1,18.32,700,1,7.84,100,1,18.40,100,1,7.74,700,1,19.58,400,1,,0,0,20.32,100,1,,0,0,20.48,200,1,,0,0,,0,0,,0,0,,0,0,ARL,33574725
100,2025-07-17T13:28:46.014805680Z,2025-07-17T13:28:46.014805680Z,10,2,1108,A,A,0,19.580000000,100,0,166471,26613840,9.99,200,1,15.30,100,1,9.67,200,1,17.12,200,1,9.29,700,1,17.60,200,1,9.13,100,1,18.32,700,1,7.84,100,1,18.40,100,1,7.74,700,1,19.58,500,1,,0,0,20.32,100,1,,0,0,20.48,200,1,,0,0,,0,0,,0,0,,0,0,ARL,41370961
101,2025-07-17T13:28:46.014805841Z,2025-07-17T13:28:46.014805841Z,10,2,1108,C,A,0,20.480000000,100,0,166310,26613841,9.99,200,1,15.30,100,1,9.67,200,1,17.12,200,1,9.29,700,1,17.60,200,1,9.13,100,1,18.32,700,1,7.84,100,1,18.40,100,1,7.74,700,1,19.58,500,1,,0,0,20.32,100,1,,0,0,20.48,100,1,,0,0,,0,0,,0,0,,0,0,ARL,38043741
102,2025-07-17T13:28:46.014805841Z,2025-07-17T13:28:46.014805841Z,10,2,1108,A,A,0,19.580000000,100,130,166310,26613841,9.99,200,1,15.30,100,1,9.67,200,1,17.12,200,1,9.29,700,1,17.60,200,1,9.13,100,1,18.32,700,1,7.84,100,1,18.40,100,1,7.74,700,1,19.58,600,1,,0,0,20.32,100,1,,0,0,20.48,100,1,,0,0,,0,0,,0,0,,0,0,ARL,41370965
103,2025-07-17T13:28:46.014807086Z,2025-07-17T13:28:46.014807086Z,10,2,1108,C,A,0,20.480000000,100,0,166257,26613842,9.99,200,1,15.30,100,1,9.67,200,1,17.12,200,1,9.29,700,1,17.60,200,1,9.13,100,1,18.32,700,1,7.84,100,1,18.40,100,1,7.74,700,1,19.58,600,1,,0,0,20.32,100,1,,0,0,,0,0,,0,0,,0,0,,0,0,,0,0,ARL,40617785
104,2025-07-17T13:28:46.014807086Z,2025-07-17T13:28:46.014807086Z,10,2,1108,A,A,0,19.580000000,100,130,166257,26613842,9.99,200,1,15.30,100,1,9.67,200,1,17.12,200,1,9.29,700,1,17.60,200,1,9.13,100,1,18.32,700,1,7.84,100,1,18.40,100,1,7.74,700,1,19.58,700,1,,0,0,20.32,100,1,,0,0,,0,0,,0,0,,0,0,,0,0,,0,0,ARL,41370969
105,2025-07-17T13:28:46.015523291Z,2025-07-17T13:28:46.015523291Z,10,2,1108,A,B,0,10.180000000,700,130,167070,26614152,10.18,700,1,15.30,100,1,9.99,200,1,17.12,200,1,9.67,200,1,17.60,200,1,9.29,700,1,18.32,700,1,9.13,100,1,18.40,100,1,7.84,100,1,19.58,700,1,7.74,700,1,20.32,100,1,,0,0,,0,0,,0,0,,0,0,,0,0,,0,0,ARL,41371221
106,2025-07-17T13:28:46.015525315Z,2025-07-17T13:28:46.015525315Z,10,2,1108,A,A,0,16.110000000,700,130,166302,26614155,10.18,700,1,15.30,100,1,9.99,200,1,16.11,700,1,9.67,200,1,17.12,200,1,9.29,700,1,17.60,200,1,9.13,100,1,18.32,700,1,7.84,100,1,18.40,100,1,7.74,700,1,19.58,700,1,,0,0,20.32,100,1,,0,0,,0,0,,0,0,,0,0,ARL,41371225
107,2025-07-17T13:28:46.017209641Z,2025-07-17T13:28:46.017209641Z,10,2,1108,C,A,0,17.120000000,100,0,165527,26614961,10.18,700,1,15.30,100,1,9.99,200,1,16.11,700,1,9.67,200,1,17.12,100,1,9.29,700,1,17.60,200,1,9.13,100,1,18.32,700,1,7.84,100,1,18.40,100,1,7.74,700,1,19.58,700,1,,0,0,20.32,100,1,,0,0,,0,0,,0,0,,0,0,ARL,41000173
108,2025-07-17T13:28:46.017209641Z,2025-07-17T13:28:46.017209641Z,10,2,1108,A,A,0,16.380000000,100,130,165527,26614961,10.18,700,1,15.30,100,1,9.99,200,1,16.11,700,1,9.67,200,1,16.38,100,1,9.29,700,1,17.12,100,1,9.13,100,1,17.60,200,1,7.84,100,1,18.32,700,1,7.74,700,1,18.40,100,1,,0,0,19.58,700,1,,0,0,20.32,100,1,,0,0,,0,0,ARL,41372085
109,2025-07-17T13:28:46.017260228Z,2025-07-17T13:28:46.017260228Z,10,2,1108,C,A,0,17.600000000,100,0,165399,26614991,10.18,700,1,15.30,100,1,9.99,200,1,16.11,700,1,9.67,200,1,16.38,100,1,9.29,700,1,17.12,100,1,9.13,100,1,17.60,100,1,7.84,100,1,18.32,700,1,7.74,700,1,18.40,100,1,,0,0,19.58,700,1,,0,0,20.32,100,1,,0,0,,0,0,ARL,40999449
110,2025-07-17T13:28:46.017260228Z,2025-07-17T13:28:46.017260228Z,10,2,1108,A,A,0,16.830000000,100,130,165399,26614991,10.18,700,1,15.30,100,1,9.99,200,1,16.11,700,1,9.67,200,1,16.38,100,1,9.29,700,1,16.83,100,1,9.13,100,1,17.12,100,1,7.84,100,1,17.60,100,1,7.74,700,1,18.32,700,1,,0,0,18.40,100,1,,0,0,19.58,700,1,,0,0,20.32,100,1,ARL,41372125
111,2025-07-17T13:28:46.017531156Z,2025-07-17T13:28:46.017531156Z,10,2,1108,C,A,0,17.120000000,100,0,165417,26615138,10.18,700,1,15.30,100,1,9.99,200,1,16.11,700,1,9.67,200,1,16.38,100,1,9.29,700,1,16.83,100,1,9.13,100,1,17.60,100,1,7.84,100,1,18.32,700,1,7.74,700,1,18.40,100,1,,0,0,19.58,700,1,,0,0,20.32,100,1,,0,0,,0,0,ARL,41021841
112,2025-07-17T13:28:46.017531156Z,2025-07-17T13:28:46.017531156Z,10,2,1108,A,A,0,16.380000000,100,130,165417,26615138,10.18,700,1,15.30,100,1,9.99,200,1,16.11,700,1,9.67,200,1,16.38,200,1,9.29,700,1,16.83,100,1,9.13,100,1,17.60,100,1,7.84,100,1,18.32,700,1,7.74,700,1,18.40,100,1,,0,0,19.58,700,1,,0,0,20.32,100,1,,0,0,,0,0,ARL,41372369
113,2025-07-17T13:28:46.017657609Z,2025-07-17T13:28:46.017657609Z,10,2,1108,C,A,0,17.600000000,100,0,165464,26615203,10.18,700,1,15.30,100,1,9.99,200,1,16.11,700,1,9.67,200,1,16.38,200,1,9.29,700,1,16.83,100,1,9.13,100,1,18.32,700,1,7.84,100,1,18.40,100,1,7.74,700,1,19.58,700,1,,0,0,20.32,100,1,,0,0,,0,0,,0,0,,0,0,ARL,41021373
114,2025-07-17T13:28:46.017657609Z,2025-07-17T13:28:46.017657609Z,10,2,1108,A,A,0,16.830000000,100,130,165464,26615203,10.18,700,1,15.30,100,1,9.99,200,1,16.11,700,1,9.67,200,1,16.38,200,1,9.29,700,1,16.83,200,1,9.13,100,1,18.32,700,1,7.84,100,1,18.40,100,1,7.74,700,1,19.58,700,1,,0,0,20.32,100,1,,0,0,,0,0,,0,0,,0,0,ARL,41372469
115,2025-07-17T13:28:46.017721028Z,2025-07-17T13:28:46.017721028Z,10,2,1108,C,A,0,18.400000000,100,0,165400,26615230,10.18,700,1,15.30,100,1,9.99,200,1,16.11,700,1,9.67,200,1,16.38,200,1,9.29,700,1,16.83,200,1,9.13,100,1,18.32,700,1,7.84,100,1,19.58,700,1,7.74,700,1,20.32,100,1,,0,0,,0,0,,0,0,,0,0,,0,0,,0,0,ARL,41032057
116,2025-07-17T13:28:46.017721028Z,2025-07-17T13:28:46.017721028Z,10,2,1108,A,A,0,17.600000000,100,130,165400,26615230,10.18,700,1,15.30,100,1,9.99,200,1,16.11,700,1,9.67,200,1,16.38,200,1,9.29,700,1,16.83,200,1,9.13,100,1,17.60,100,1,7.84,100,1,18.32,700,1,7.74,700,1,19.58,700,1,,0,0,20.32,100,1,,0,0,,0,0,,0,0,,0,0,ARL,41372493
117,2025-07-17T13:28:46.017837874Z,2025-07-17T13:28:46.017837874Z,10,2,1108,C,A,0,20.320000000,100,0,165245,26615283,10.18,700,1,15.30,100,1,9.99,200,1,16.11,700,1,9.67,200,1,16.38,200,1,9.29,700,1,16.83,200,1,9.13,100,1,17.60,100,1,7.84,100,1,18.32,700,1,7.74,700,1,19.58,700,1,,0,0,,0,0,,0,0,,0,0,,0,0,,0,0,ARL,41306445
118,2025-07-17T13:28:46.017837874Z,2025-07-17T13:28:46.017837874Z,10,2,1108,A,A,0,19.440000000,100,130,165245,26615283,10.18,700,1,15.30,100,1,9.99,200,1,16.11,700,1,9.67,200,1,16.38,200,1,9.29,700,1,16.83,200,1,9.13,100,1,17.60,100,1,7.84,100,1,18.32,700,1,7.74,700,1,19.44,100,1,,0,0,19.58,700,1,,0,0,,0,0,,0,0,,0,0,ARL,41372549
119,2025-07-17T13:28:46.022095254Z,2025-07-17T13:28:46.022095254Z,10,2,1108,A,B,0,10.050000000,700,128,167174,26616844,10.18,700,1,15.30,100,1,10.05,700,1,16.11,700,1,9.99,200,1,16.38,200,1,9.67,200,1,16.83,200,1,9.29,700,1,17.60,100,1,9.13,100,1,18.32,700,1,7.84,100,1,19.44,100,1,7.74,700,1,19.58,700,1,,0,0,,0,0,,0,0,,0,0,ARL,41375793
120,2025-07-17T13:28:46.022822832Z,2025-07-17T13:28:46.022822832Z,10,2,1108,A,A,0,16.300000000,700,130,165231,26617168,10.18,700,1,15.30,100,1,10.05,700,1,16.11,700,1,9.99,200,1,16.30,700,1,9.67,200,1,16.38,200,1,9.29,700,1,16.83,200,1,9.13,100,1,17.60,100,1,7.84,100,1,18.32,700,1,7.74,700,1,19.44,100,1,,0,0,19.58,700,1,,0,0,,0,0,ARL,41375973
121,2025-07-17T13:28:46.025816567Z,2025-07-17T13:28:46.025816567Z,10,2,1108,A,B,0,11.760000000,100,130,165012,26618403,11.76,100,1,15.30,100,1,10.18,700,1,16.11,700,1,10.05,700,1,16.30,700,1,9.99,200,1,16.38,200,1,9.67,200,1,16.83,200,1,9.29,700,1,17.60,100,1,9.13,100,1,18.32,700,1,7.84,100,1,19.44,100,1,7.74,700,1,19.58,700,1,,0,0,,0,0,ARL,41376297
122,2025-07-17T13:28:46.025870563Z,2025-07-17T13:28:46.025870563Z,10,2,1108,C,B,0,7.740000000,100,0,166599,26618436,11.76,100,1,15.30,100,1,10.18,700,1,16.11,700,1,10.05,700,1,16.30,700,1,9.99,200,1,16.38,200,1,9.67,200,1,16.83,200,1,9.29,700,1,17.60,100,1,9.13,100,1,18.32,700,1,7.84,100,1,19.44,100,1,7.74,600,1,19.58,700,1,,0,0,,0,0,ARL,23616197
123,2025-07-17T13:28:46.025870563Z,2025-07-17T13:28:46.025870563Z,10,2,1108,A,B,0,8.470000000,100,130,166599,26618436,11.76,100,1,15.30,100,1,10.18,700,1,16.11,700,1,10.05,700,1,16.30,700,1,9.99,200,1,16.38,200,1,9.67,200,1,16.83,200,1,9.29,700,1,17.60,100,1,9.13,100,1,18.32,700,1,8.47,100,1,19.44,100,1,7.84,100,1,19.58,700,1,7.74,600,1,,0,0,ARL,41376333
124,2025-07-17T13:28:46.025872146Z,2025-07-17T13:28:46.025872146Z,10,2,1108,C,B,0,7.740000000,100,0,165912,26618438,11.76,100,1,15.30,100,1,10.18,700,1,16.11,700,1,10.05,700,1,16.30,700,1,9.99,200,1,16.38,200,1,9.67,200,1,16.83,200,1,9.29,700,1,17.60,100,1,9.13,100,1,18.32,700,1,8.47,100,1,19.44,100,1,7.84,100,1,19.58,700,1,7.74,500,1,,0,0,ARL,23622101
125,2025-07-17T13:28:46.025872146Z,2025-07-17T13:28:46.025872146Z,10,2,1108,A,B,0,8.470000000,100,130,165912,26618438,11.76,100,1,15.30,100,1,10.18,700,1,16.11,700,1,10.05,700,1,16.30,700,1,9.99,200,1,16.38,200,1,9.67,200,1,16.83,200,1,9.29,700,1,17.60,100,1,9.13,100,1,18.32,700,1,8.47,200,1,19.44,100,1,7.84,100,1,19.58,700,1,7.74,500,1,,0,0,ARL,41376337
126,2025-07-17T13:28:46.025873388Z,2025-07-17T13:28:46.025873388Z,10,2,1108,C,B,0,7.740000000,100,0,166299,26618439,11.76,100,1,15.30,100,1,10.18,700,1,16.11,700,1,10.05,700,1,16.30,700,1,9.99,200,1,16.38,200,1,9.67,200,1,16.83,200,1,9.29,700,1,17.60,100,1,9.13,100,1,18.32,700,1,8.47,200,1,19.44,100,1,7.84,100,1,19.58,700,1,7.74,400,1,,0,0,ARL,24102329
127,2025-07-17T13:28:46.025873388Z,2025-07-17T13:28:46.025873388Z,10,2,1108,A,B,0,8.470000000,100,128,166299,26618439,11.76,100,1,15.30,100,1,10.18,700,1,16.11,700,1,10.05,700,1,16.30,700,1,9.99,200,1,16.38,200,1,9.67,200,1,16.83,200,1,9.29,700,1,17.60,100,1,9.13,100,1,18.32,700,1,8.47,300,1,19.44,100,1,7.84,100,1,19.58,700,1,7.74,400,1,,0,0,ARL,41376341
128,2025-07-17T13:28:46.025874774Z,2025-07-17T13:28:46.025874774Z,10,2,1108,C,B,0,7.740000000,100,0,170905,26618441,11.76,100,1,15.30,100,1,10.18,700,1,16.11,700,1,10.05,700,1,16.30,700,1,9.99,200,1,16.38,200,1,9.67,200,1,16.83,200,1,9.29,700,1,17.60,100,1,9.13,100,1,18.32,700,1,8.47,300,1,19.44,100,1,7.84,100,1,19.58,700,1,7.74,300,1,,0,0,ARL,31960841
129,2025-07-17T13:28:46.025874774Z,2025-07-17T13:28:46.025874774Z,10,2,1108,A,B,0,8.470000000,100,0,170905,26618441,11.76,100,1,15.30,100,1,10.18,700,1,16.11,700,1,10.05,700,1,16.30,700,1,9.99,200,1,16.38,200,1,9.67,200,1,16.83,200,1,9.29,700,1,17.60,100,1,9.13,100,1,18.32,700,1,8.47,400,1,19.44,100,1,7.84,100,1,19.58,700,1,7.74,300,1,,0,0,ARL,41376345
130,2025-07-17T13:28:46.025875041Z,2025-07-17T13:28:46.025875041Z,10,2,1108,C,B,0,7.740000000,100,0,170638,26618442,11.76,100,1,15.30,100,1,10.18,700,1,16.11,700,1,10.05,700,1,16.30,700,1,9.99,200,1,16.38,200,1,9.67,200,1,16.83,200,1,9.29,700,1,17.60,100,1,9.13,100,1,18.32,700,1,8.47,400,1,19.44,100,1,7.84,100,1,19.58,700,1,7.74,200,1,,0,0,ARL,33574717
131,2025-07-17T13:28:46.025875041Z,2025-07-17T13:28:46.025875041Z,10,2,1108,A,B,0,8.470000000,100,0,170638,26618442,11.76,100,1,15.30,100,1,10.18,700,1,16.11,700,1,10.05,700,1,16.30,700,1,9.99,200,1,16.38,200,1,9.67,200,1,16.83,200,1,9.29,700,1,17.60,100,1,9.13,100,1,18.32,700,1,8.47,500,1,19.44,100,1,7.84,100,1,19.58,700,1,7.74,200,1,,0,0,ARL,41376349
132,2025-07-17T13:28:46.025875401Z,2025-07-17T13:28:46.025875401Z,10,2,1108,C,B,0,7.740000000,100,0,170278,26618443,11.76,100,1,15.30,100,1,10.18,700,1,16.11,700,1,10.05,700,1,16.30,700,1,9.99,200,1,16.38,200,1,9.67,200,1,16.83,200,1,9.29,700,1,17.60,100,1,9.13,100,1,18.32,700,1,8.47,500,1,19.44,100,1,7.84,100,1,19.58,700,1,7.74,100,1,,0,0,ARL,38041417
133,2025-07-17T13:28:46.025875401Z,2025-07-17T13:28:46.025875401Z,10,2,1108,A,B,0,8.470000000,100,0,170278,26618443,11.76,100,1,15.30,100,1,10.18,700,1,16.11,700,1,10.05,700,1,16.30,700,1,9.99,200,1,16.38,200,1,9.67,200,1,16.83,200,1,9.29,700,1,17.60,100,1,9.13,100,1,18.32,700,1,8.47,600,1,19.44,100,1,7.84,100,1,19.58,700,1,7.74,100,1,,0,0,ARL,41376353
134,2025-07-17T13:28:46.025877502Z,2025-07-17T13:28:46.025877502Z,10,2,1108,C,B,0,7.740000000,100,0,168177,26618447,11.76,100,1,15.30,100,1,10.18,700,1,16.11,700,1,10.05,700,1,16.30,700,1,9.99,200,1,16.38,200,1,9.67,200,1,16.83,200,1,9.29,700,1,17.60,100,1,9.13,100,1,18.32,700,1,8.47,600,1,19.44,100,1,7.84,100,1,19.58,700,1,,0,0,,0,0,ARL,40617777
135,2025-07-17T13:28:46.025877502Z,2025-07-17T13:28:46.025877502Z,10,2,1108,A,B,0,8.470000000,100,130,168177,26618447,11.76,100,1,15.30,100,1,10.18,700,1,16.11,700,1,10.05,700,1,16.30,700,1,9.99,200,1,16.38,200,1,9.67,200,1,16.83,200,1,9.29,700,1,17.60,100,1,9.13,100,1,18.32,700,1,8.47,700,1,19.44,100,1,7.84,100,1,19.58,700,1,,0,0,,0,0,ARL,41376357
136,2025-07-17T13:28:46.027560174Z,2025-07-17T13:28:46.027560174Z,10,2,1108,C,B,0,9.990000000,100,0,165509,26619144,11.76,100,1,15.30,100,1,10.18,700,1,16.11,700,1,10.05,700,1,16.30,700,1,9.99,100,1,16.38,200,1,9.67,200,1,16.83,200,1,9.29,700,1,17.60,100,1,9.13,100,1,18.32,700,1,8.47,700,1,19.44,100,1,7.84,100,1,19.58,700,1,,0,0,,0,0,ARL,41000165
137,2025-07-17T13:28:46.027560174Z,2025-07-17T13:28:46.027560174Z,10,2,1108,A,B,0,10.930000000,100,130,165509,26619144,11.76,100,1,15.30,100,1,10.93,100,1,16.11,700,1,10.18,700,1,16.30,700,1,10.05,700,1,16.38,200,1,9.99,100,1,16.83,200,1,9.67,200,1,17.60,100,1,9.29,700,1,18.32,700,1,9.13,100,1,19.44,100,1,8.47,700,1,19.58,700,1,7.84,100,1,,0,0,ARL,41376501
138,2025-07-17T13:28:46.029556957Z,2025-07-17T13:28:46.029556957Z,10,2,1108,C,B,0,9.670000000,100,0,169828,26619966,11.76,100,1,15.30,100,1,10.93,100,1,16.11,700,1,10.18,700,1,16.30,700,1,10.05,700,1,16.38,200,1,9.99,100,1,16.83,200,1,9.67,100,1,17.60,100,1,9.29,700,1,18.32,700,1,9.13,100,1,19.44,100,1,8.47,700,1,19.58,700,1,7.84,100,1,,0,0,ARL,40999441
139,2025-07-17T13:28:46.029556957Z,2025-07-17T13:28:46.029556957Z,10,2,1108,A,B,0,10.580000000,100,128,169828,26619966,11.76,100,1,15.30,100,1,10.93,100,1,16.11,700,1,10.58,100,1,16.30,700,1,10.18,700,1,16.38,200,1,10.05,700,1,16.83,200,1,9.99,100,1,17.60,100,1,9.67,100,1,18.32,700,1,9.29,700,1,19.44,100,1,9.13,100,1,19.58,700,1,8.47,700,1,,0,0,ARL,41376725
140,2025-07-17T13:28:46.029609064Z,2025-07-17T13:28:46.029609064Z,10,2,1108,C,B,0,7.840000000,100,0,166186,26619999,11.76,100,1,15.30,100,1,10.93,100,1,16.11,700,1,10.58,100,1,16.30,700,1,10.18,700,1,16.38,200,1,10.05,700,1,16.83,200,1,9.99,100,1,17.60,100,1,9.67,100,1,18.32,700,1,9.29,700,1,19.44,100,1,9.13,100,1,19.58,700,1,8.47,700,1,,0,0,ARL,41306441
141,2025-07-17T13:28:46.029609064Z,2025-07-17T13:28:46.029609064Z,10,2,1108,A,B,0,8.580000000,100,130,166186,26619999,11.76,100,1,15.30,100,1,10.93,100,1,16.11,700,1,10.58,100,1,16.30,700,1,10.18,700,1,16.38,200,1,10.05,700,1,16.83,200,1,9.99,100,1,17.60,100,1,9.67,100,1,18.32,700,1,9.29,700,1,19.44,100,1,9.13,100,1,19.58,700,1,8.58,100,1,,0,0,ARL,41376733
142,2025-07-17T13:28:46.031073916Z,2025-07-17T13:28:46.031073916Z,10,2,1108,C,B,0,9.130000000,100,0,165536,26620530,11.76,100,1,15.30,100,1,10.93,100,1,16.11,700,1,10.58,100,1,16.30,700,1,10.18,700,1,16.38,200,1,10.05,700,1,16.83,200,1,9.99,100,1,17.60,100,1,9.67,100,1,18.32,700,1,9.29,700,1,19.44,100,1,8.58,100,1,19.58,700,1,8.47,700,1,,0,0,ARL,41032049
143,2025-07-17T13:28:46.031073916Z,2025-07-17T13:28:46.031073916Z,10,2,1108,A,B,0,9.990000000,100,130,165536,26620530,11.76,100,1,15.30,100,1,10.93,100,1,16.11,700,1,10.58,100,1,16.30,700,1,10.18,700,1,16.38,200,1,10.05,700,1,16.83,200,1,9.99,200,1,17.60,100,1,9.67,100,1,18.32,700,1,9.29,700,1,19.44,100,1,8.58,100,1,19.58,700,1,8.47,700,1,,0,0,ARL,41376769
144,2025-07-17T13:28:46.037954661Z,2025-07-17T13:28:46.037954661Z,10,2,1108,C,B,0,9.670000000,100,0,166331,26623213,11.76,100,1,15.30,100,1,10.93,100,1,16.11,700,1,10.58,100,1,16.30,700,1,10.18,700,1,16.38,200,1,10.05,700,1,16.83,200,1,9.99,200,1,17.60,100,1,9.29,700,1,18.32,700,1,8.58,100,1,19.44,100,1,8.47,700,1,19.58,700,1,,0,0,,0,0,ARL,41021369
145,2025-07-17T13:28:46.037954661Z,2025-07-17T13:28:46.037954661Z,10,2,1108,A,B,0,10.580000000,100,128,166331,26623213,11.76,100,1,15.30,100,1,10.93,100,1,16.11,700,1,10.58,200,1,16.30,700,1,10.18,700,1,16.38,200,1,10.05,700,1,16.83,200,1,9.99,200,1,17.60,100,1,9.29,700,1,18.32,700,1,8.58,100,1,19.44,100,1,8.47,700,1,19.58,700,1,,0,0,,0,0,ARL,41377117
146,2025-07-17T13:28:46.042858782Z,2025-07-17T13:28:46.042858782Z,10,2,1108,C,B,0,9.990000000,100,0,165640,26625366,11.76,100,1,15.30,100,1,10.93,100,1,16.11,700,1,10.58,200,1,16.30,700,1,10.18,700,1,16.38,200,1,10.05,700,1,16.83,200,1,9.99,100,1,17.60,100,1,9.29,700,1,18.32,700,1,8.58,100,1,19.44,100,1,8.47,700,1,19.58,700,1,,0,0,,0,0,ARL,41021837
147,2025-07-17T13:28:46.042858782Z,2025-07-17T13:28:46.042858782Z,10,2,1108,A,B,0,10.930000000,100,130,165640,26625366,11.76,100,1,15.30,100,1,10.93,200,1,16.11,700,1,10.58,200,1,16.30,700,1,10.18,700,1,16.38,200,1,10.05,700,1,16.83,200,1,9.99,100,1,17.60,100,1,9.29,700,1,18.32,700,1,8.58,100,1,19.44,100,1,8.47,700,1,19.58,700,1,,0,0,,0,0,ARL,41379985
148,2025-07-17T13:28:52.312295020Z,2025-07-17T13:28:52.312295020Z,10,2,1108,A,B,0,10.750000000,700,130,165354,26806665,11.76,100,1,15.30,100,1,10.93,200,1,16.11,700,1,10.75,700,1,16.30,700,1,10.58,200,1,16.38,200,1,10.18,700,1,16.83,200,1,10.05,700,1,17.60,100,1,9.99,100,1,18.32,700,1,9.29,700,1,19.44,100,1,8.58,100,1,19.58,700,1,8.47,700,1,,0,0,ARL,41507073
149,2025-07-17T13:28:52.312330796Z,2025-07-17T13:28:52.312330796Z,10,2,1108,C,B,0,10.050000000,700,130,165236,26806666,11.76,100,1,15.30,100,1,10.93,200,1,16.11,700,1,10.75,700,1,16.30,700,1,10.58,200,1,16.38,200,1,10.18,700,1,16.83,200,1,9.99,100,1,17.60,100,1,9.29,700,1,18.32,700,1,8.58,100,1,19.44,100,1,8.47,700,1,19.58,700,1,,0,0,,0,0,ARL,41375793
150,2025-07-17T13:28:52.512292648Z,2025-07-17T13:28:52.512292648Z,10,2,1108,A,B,0,10.990000000,700,130,165261,26808221,11.76,100,1,15.30,100,1,10.99,700,1,16.11,700,1,10.93,200,1,16.30,700,1,10.75,700,1,16.38,200,1,10.58,200,1,16.83,200,1,10.18,700,1,17.60,100,1,9.99,100,1,18.32,700,1,9.29,700,1,19.44,100,1,8.58,100,1,19.58,700,1,8.47,700,1,,0,0,ARL,41509393
151,2025-07-17T13:28:52.513090520Z,2025-07-17T13:28:52.513090520Z,10,2,1108,C,B,0,10.750000000,700,130,165032,26808222,11.76,100,1,15.30,100,1,10.99,700,1,16.11,700,1,10.93,200,1,16.30,700,1,10.58,200,1,16.38,200,1,10.18,700,1,16.83,200,1,9.99,100,1,17.60,100,1,9.29,700,1,18.32,700,1,8.58,100,1,19.44,100,1,8.47,700,1,19.58,700,1,,0,0,,0,0,ARL,41507073
152,2025-07-17T13:28:53.957067631Z,2025-07-17T13:28:53.957067631Z,10,2,1108,A,A,0,16.150000000,700,130,165517,26835971,11.76,100,1,15.30,100,1,10.99,700,1,16.11,700,1,10.93,200,1,16.15,700,1,10.58,200,1,16.30,700,1,10.18,700,1,16.38,200,1,9.99,100,1,16.83,200,1,9.29,700,1,17.60,100,1,8.58,100,1,18.32,700,1,8.47,700,1,19.44,100,1,,0,0,19.58,700,1,ARL,41528029
153,2025-07-17T13:28:53.957116061Z,2025-07-17T13:28:53.957116061Z,10,2,1108,C,A,0,18.320000000,700,130,165456,26835974,11.76,100,1,15.30,100,1,10.99,700,1,16.11,700,1,10.93,200,1,16.15,700,1,10.58,200,1,16.30,700,1,10.18,700,1,16.38,200,1,9.99,100,1,16.83,200,1,9.29,700,1,17.60,100,1,8.58,100,1,19.44,100,1,8.47,700,1,19.58,700,1,,0,0,,0,0,ARL,40846101
154,2025-07-17T13:28:54.128310778Z,2025-07-17T13:28:54.128310778Z,10,2,1108,A,B,0,9.990000000,700,130,165441,26850111,11.76,100,1,15.30,100,1,10.99,700,1,16.11,700,1,10.93,200,1,16.15,700,1,10.58,200,1,16.30,700,1,10.18,700,1,16.38,200,1,9.99,800,1,16.83,200,1,9.29,700,1,17.60,100,1,8.58,100,1,19.44,100,1,8.47,700,1,19.58,700,1,,0,0,,0,0,ARL,41530665
155,2025-07-17T13:28:54.128338727Z,2025-07-17T13:28:54.128338727Z,10,2,1108,C,B,0,9.290000000,700,130,165207,26850112,11.76,100,1,15.30,100,1,10.99,700,1,16.11,700,1,10.93,200,1,16.15,700,1,10.58,200,1,16.30,700,1,10.18,700,1,16.38,200,1,9.99,800,1,16.83,200,1,8.58,100,1,17.60,100,1,8.47,700,1,19.44,100,1,,0,0,19.58,700,1,,0,0,,0,0,ARL,40851989
156,2025-07-17T13:28:54.328487063Z,2025-07-17T13:28:54.328487063Z,10,2,1108,A,B,0,10.260000000,700,130,165274,26851888,11.76,100,1,15.30,100,1,10.99,700,1,16.11,700,1,10.93,200,1,16.15,700,1,10.58,200,1,16.30,700,1,10.26,700,1,16.38,200,1,10.18,700,1,16.83,200,1,9.99,800,1,17.60,100,1,8.58,100,1,19.44,100,1,8.47,700,1,19.58,700,1,,0,0,,0,0,ARL,41533513
157,2025-07-17T13:28:54.328519057Z,2025-07-17T13:28:54.328519057Z,10,2,1108,C,B,0,9.990000000,700,130,165029,26851889,11.76,100,1,15.30,100,1,10.99,700,1,16.11,700,1,10.93,200,1,16.15,700,1,10.58,200,1,16.30,700,1,10.26,700,1,16.38,200,1,10.18,700,1,16.83,200,1,9.99,100,1,17.60,100,1,8.58,100,1,19.44,100,1,8.47,700,1,19.58,700,1,,0,0,,0,0,ARL,41530665
158,2025-07-17T13:28:54.477455479Z,2025-07-17T13:28:54.477455479Z,10,2,1108,A,B,0,11.140000000,700,130,165275,26853475,11.76,100,1,15.30,100,1,11.14,700,1,16.11,700,1,10.99,700,1,16.15,700,1,10.93,200,1,16.30,700,1,10.58,200,1,16.38,200,1,10.26,700,1,16.83,200,1,10.18,700,1,17.60,100,1,9.99,100,1,19.44,100,1,8.58,100,1,19.58,700,1,8.47,700,1,,0,0,ARL,41534785
159,2025-07-17T13:28:54.477852651Z,2025-07-17T13:28:54.477852651Z,10,2,1108,C,B,0,10.180000000,700,130,165350,26853478,11.76,100,1,15.30,100,1,11.14,700,1,16.11,700,1,10.99,700,1,16.15,700,1,10.93,200,1,16.30,700,1,10.58,200,1,16.38,200,1,10.26,700,1,16.83,200,1,9.99,100,1,17.60,100,1,8.58,100,1,19.44,100,1,8.47,700,1,19.58,700,1,,0,0,,0,0,ARL,41371221
160,2025-07-17T13:28:54.528542919Z,2025-07-17T13:28:54.528542919Z,10,2,1108,A,B,0,10.530000000,700,130,165324,26853925,11.76,100,1,15.30,100,1,11.14,700,1,16.11,700,1,10.99,700,1,16.15,700,1,10.93,200,1,16.30,700,1,10.58,200,1,16.38,200,1,10.53,700,1,16.83,200,1,10.26,700,1,17.60,100,1,9.99,100,1,19.44,100,1,8.58,100,1,19.58,700,1,8.47,700,1,,0,0,ARL,41535173
161,2025-07-17T13:28:54.528571375Z,2025-07-17T13:28:54.528571375Z,10,2,1108,C,B,0,10.260000000,700,130,165179,26853926,11.76,100,1,15.30,100,1,11.14,700,1,16.11,700,1,10.99,700,1,16.15,700,1,10.93,200,1,16.30,700,1,10.58,200,1,16.38,200,1,10.53,700,1,16.83,200,1,9.99,100,1,17.60,100,1,8.58,100,1,19.44,100,1,8.47,700,1,19.58,700,1,,0,0,,0,0,ARL,41533513
162,2025-07-17T13:28:54.728575124Z,2025-07-17T13:28:54.728575124Z,10,2,1108,A,B,0,10.800000000,700,130,165189,26856081,11.76,100,1,15.30,100,1,11.14,700,1,16.11,700,1,10.99,700,1,16.15,700,1,10.93,200,1,16.30,700,1,10.80,700,1,16.38,200,1,10.58,200,1,16.83,200,1,10.53,700,1,17.60,100,1,9.99,100,1,19.44,100,1,8.58,100,1,19.58,700,1,8.47,700,1,,0,0,ARL,41537525
163,2025-07-17T13:28:54.728651317Z,2025-07-17T13:28:54.728651317Z,10,2,1108,C,B,0,10.530000000,700,130,164958,26856082,11.76,100,1,15.30,100,1,11.14,700,1,16.11,700,1,10.99,700,1,16.15,700,1,10.93,200,1,16.30,700,1,10.80,700,1,16.38,200,1,10.58,200,1,16.83,200,1,9.99,100,1,17.60,100,1,8.58,100,1,19.44,100,1,8.47,700,1,19.58,700,1,,0,0,,0,0,ARL,41535173
164,2025-07-17T13:28:54.928412211Z,2025-07-17T13:28:54.928412211Z,10,2,1108,A,B,0,11.070000000,700,130,165195,26858349,11.76,100,1,15.30,100,1,11.14,700,1,16.11,700,1,11.07,700,1,16.15,700,1,10.99,700,1,16.30,700,1,10.93,200,1,16.38,200,1,10.80,700,1,16.83,200,1,10.58,200,1,17.60,100,1,9.99,100,1,19.44,100,1,8.58,100,1,19.58,700,1,8.47,700,1,,0,0,ARL,41539477
165,2025-07-17T13:28:54.928488170Z,2025-07-17T13:28:54.928488170Z,10,2,1108,C,B,0,10.800000000,700,130,165133,26858351,11.76,100,1,15.30,100,1,11.14,700,1,16.11,700,1,11.07,700,1,16.15,700,1,10.99,700,1,16.30,700,1,10.93,200,1,16.38,200,1,10.58,200,1,16.83,200,1,9.99,100,1,17.60,100,1,8.58,100,1,19.44,100,1,8.47,700,1,19.58,700,1,,0,0,,0,0,ARL,41537525
166,2025-07-17T13:29:00.583110843Z,2025-07-17T13:29:00.583110843Z,10,2,1108,A,B,0,10.840000000,100,130,165620,27000961,11.76,100,1,15.30,100,1,11.14,700,1,16.11,700,1,11.07,700,1,16.15,700,1,10.99,700,1,16.30,700,1,10.93,200,1,16.38,200,1,10.84,100,1,16.83,200,1,10.58,200,1,17.60,100,1,9.99,100,1,19.44,100,1,8.58,100,1,19.58,700,1,8.47,700,1,,0,0,ARL,41635065
167,2025-07-17T13:29:00.583124331Z,2025-07-17T13:29:00.583124331Z,10,2,1108,A,A,0,16.490000000,100,130,165469,27000962,11.76,100,1,15.30,100,1,11.14,700,1,16.11,700,1,11.07,700,1,16.15,700,1,10.99,700,1,16.30,700,1,10.93,200,1,16.38,200,1,10.84,100,1,16.49,100,1,10.58,200,1,16.83,200,1,9.99,100,1,17.60,100,1,8.58,100,1,19.44,100,1,8.47,700,1,19.58,700,1,ARL,41635069
168,2025-07-17T13:29:31.666485583Z,2025-07-17T13:29:31.666485583Z,10,2,1108,A,B,0,11.050000000,100,130,165401,27592251,11.76,100,1,15.30,100,1,11.14,700,1,16.11,700,1,11.07,700,1,16.15,700,1,11.05,100,1,16.30,700,1,10.99,700,1,16.38,200,1,10.93,200,1,16.49,100,1,10.84,100,1,16.83,200,1,10.58,200,1,17.60,100,1,9.99,100,1,19.44,100,1,8.58,100,1,19.58,700,1,ARL,42089321
169,2025-07-17T13:29:31.666510533Z,2025-07-17T13:29:31.666510533Z,10,2,1108,A,A,0,16.220000000,100,130,165507,27592252,11.76,100,1,15.30,100,1,11.14,700,1,16.11,700,1,11.07,700,1,16.15,700,1,11.05,100,1,16.22,100,1,10.99,700,1,16.30,700,1,10.93,200,1,16.38,200,1,10.84,100,1,16.49,100,1,10.58,200,1,16.83,200,1,9.99,100,1,17.60,100,1,8.58,100,1,19.44,100,1,ARL,42089325
170,2025-07-17T13:29:32.011088073Z,2025-07-17T13:29:32.011088073Z,10,2,1108,A,B,0,11.290000000,100,130,165263,27599196,11.76,100,1,15.30,100,1,11.29,100,1,16.11,700,1,11.14,700,1,16.15,700,1,11.07,700,1,16.22,100,1,11.05,100,1,16.30,700,1,10.99,700,1,16.38,200,1,10.93,200,1,16.49,100,1,10.84,100,1,16.83,200,1,10.58,200,1,17.60,100,1,9.99,100,1,19.44,100,1,ARL,42099317
171,2025-07-17T13:29:32.011092154Z,2025-07-17T13:29:32.011092154Z,10,2,1108,A,A,0,15.910000000,100,130,165147,27599197,11.76,100,1,15.30,100,1,11.29,100,1,15.91,100,1,11.14,700,1,16.11,700,1,11.07,700,1,16.15,700,1,11.05,100,1,16.22,100,1,10.99,700,1,16.30,700,1,10.93,200,1,16.38,200,1,10.84,100,1,16.49,100,1,10.58,200,1,16.83,200,1,9.99,100,1,17.60,100,1,ARL,42099321
172,2025-07-17T13:29:39.839973111Z,2025-07-17T13:29:39.839973111Z,10,2,1108,A,B,0,8.470000000,100,130,165302,27759427,11.76,100,1,15.30,100,1,11.29,100,1,15.91,100,1,11.14,700,1,16.11,700,1,11.07,700,1,16.15,700,1,11.05,100,1,16.22,100,1,10.99,700,1,16.30,700,1,10.93,200,1,16.38,200,1,10.84,100,1,16.49,100,1,10.58,200,1,16.83,200,1,9.99,100,1,17.60,100,1,ARL,42202297
173,2025-07-17T13:29:40.000183284Z,2025-07-17T13:29:40.000183284Z,10,2,1108,A,A,0,19.580000000,100,130,166283,27760200,11.76,100,1,15.30,100,1,11.29,100,1,15.91,100,1,11.14,700,1,16.11,700,1,11.07,700,1,16.15,700,1,11.05,100,1,16.22,100,1,10.99,700,1,16.30,700,1,10.93,200,1,16.38,200,1,10.84,100,1,16.49,100,1,10.58,200,1,16.83,200,1,9.99,100,1,17.60,100,1,ARL,42204681
174,2025-07-17T13:29:55.529183618Z,2025-07-17T13:29:55.529183618Z,10,2,1108,A,B,0,11.520000000,100,130,165379,28123971,11.76,100,1,15.30,100,1,11.52,100,1,15.91,100,1,11.29,100,1,16.11,700,1,11.14,700,1,16.15,700,1,11.07,700,1,16.22,100,1,11.05,100,1,16.30,700,1,10.99,700,1,16.38,200,1,10.93,200,1,16.49,100,1,10.84,100,1,16.83,200,1,10.58,200,1,17.60,100,1,ARL,42446497
175,2025-07-17T13:29:55.529200619Z,2025-07-17T13:29:55.529200619Z,10,2,1108,A,A,0,15.610000000,100,130,165283,28123973,11.76,100,1,15.30,100,1,11.52,100,1,15.61,100,1,11.29,100,1,15.91,100,1,11.14,700,1,16.11,700,1,11.07,700,1,16.15,700,1,11.05,100,1,16.22,100,1,10.99,700,1,16.30,700,1,10.93,200,1,16.38,200,1,10.84,100,1,16.49,100,1,10.58,200,1,16.83,200,1,ARL,42446501
176,2025-07-17T13:29:59.677285294Z,2025-07-17T13:29:59.677285294Z,10,2,1108,A,B,0,10.110000000,100,130,165389,28321241,11.76,100,1,15.30,100,1,11.52,100,1,15.61,100,1,11.29,100,1,15.91,100,1,11.14,700,1,16.11,700,1,11.07,700,1,16.15,700,1,11.05,100,1,16.22,100,1,10.99,700,1,16.30,700,1,10.93,200,1,16.38,200,1,10.84,100,1,16.49,100,1,10.58,200,1,16.83,200,1,ARL,42583289
177,2025-07-17T13:29:59.677290064Z,2025-07-17T13:29:59.677290064Z,10,2,1108,A,A,0,17.450000000,100,128,167123,28321242,11.76,100,1,15.30,100,1,11.52,100,1,15.61,100,1,11.29,100,1,15.91,100,1,11.14,700,1,16.11,700,1,11.07,700,1,16.15,700,1,11.05,100,1,16.22,100,1,10.99,700,1,16.30,700,1,10.93,200,1,16.38,200,1,10.84,100,1,16.49,100,1,10.58,200,1,16.83,200,1,ARL,42583293
178,2025-07-17T13:30:00.092900330Z,2025-07-17T13:30:00.092900330Z,10,2,1108,A,B,0,11.010000000,100,128,185149,28409476,11.76,100,1,15.30,100,1,11.52,100,1,15.61,100,1,11.29,100,1,15.91,100,1,11.14,700,1,16.11,700,1,11.07,700,1,16.15,700,1,11.05,100,1,16.22,100,1,11.01,100,1,16.30,700,1,10.99,700,1,16.38,200,1,10.93,200,1,16.49,100,1,10.84,100,1,16.83,200,1,ARL,42674817
179,2025-07-17T13:30:00.092988904Z,2025-07-17T13:30:00.092988904Z,10,2,1108,A,A,0,16.100000000,100,128,175662,28409593,11.76,100,1,15.30,100,1,11.52,100,1,15.61,100,1,11.29,100,1,15.91,100,1,11.14,700,1,16.10,100,1,11.07,700,1,16.11,700,1,11.05,100,1,16.15,700,1,11.01,100,1,16.22,100,1,10.99,700,1,16.30,700,1,10.93,200,1,16.38,200,1,10.84,100,1,16.49,100,1,ARL,42674989
180,2025-07-17T13:30:00.412637542Z,2025-07-17T13:30:00.412637542Z,10,2,1108,A,A,0,19.580000000,100,128,179199,28676200,11.76,100,1,15.30,100,1,11.52,100,1,15.61,100,1,11.29,100,1,15.91,100,1,11.14,700,1,16.10,100,1,11.07,700,1,16.11,700,1,11.05,100,1,16.15,700,1,11.01,100,1,16.22,100,1,10.99,700,1,16.30,700,1,10.93,200,1,16.38,200,1,10.84,100,1,16.49,100,1,ARL,42946053
181,2025-07-17T13:30:00.421937186Z,2025-07-17T13:30:00.421937186Z,10,2,1108,A,B,0,8.470000000,100,128,166733,28680759,11.76,100,1,15.30,100,1,11.52,100,1,15.61,100,1,11.29,100,1,15.91,100,1,11.14,700,1,16.10,100,1,11.07,700,1,16.11,700,1,11.05,100,1,16.15,700,1,11.01,100,1,16.22,100,1,10.99,700,1,16.30,700,1,10.93,200,1,16.38,200,1,10.84,100,1,16.49,100,1,ARL,42951397
182,2025-07-17T13:30:00.675553569Z,2025-07-17T13:30:00.675553569Z,10,2,1108,A,B,0,10.920000000,100,128,171792,28833560,11.76,100,1,15.30,100,1,11.52,100,1,15.61,100,1,11.29,100,1,15.91,100,1,11.14,700,1,16.10,100,1,11.07,700,1,16.11,700,1,11.05,100,1,16.15,700,1,11.01,100,1,16.22,100,1,10.99,700,1,16.30,700,1,10.93,200,1,16.38,200,1,10.92,100,1,16.49,100,1,ARL,43143317
183,2025-07-17T13:30:00.675570319Z,2025-07-17T13:30:00.675570319Z,10,2,1108,A,A,0,16.200000000,100,128,178220,28833574,11.76,100,1,15.30,100,1,11.52,100,1,15.61,100,1,11.29,100,1,15.91,100,1,11.14,700,1,16.10,100,1,11.07,700,1,16.11,700,1,11.05,100,1,16.15,700,1,11.01,100,1,16.20,100,1,10.99,700,1,16.22,100,1,10.93,200,1,16.30,700,1,10.92,100,1,16.38,200,1,ARL,43143333
184,2025-07-17T13:30:00.730688348Z,2025-07-17T13:30:00.730688348Z,10,2,1108,A,B,0,10.920000000,100,130,170880,28858298,11.76,100,1,15.30,100,1,11.52,100,1,15.61,100,1,11.29,100,1,15.91,100,1,11.14,700,1,16.10,100,1,11.07,700,1,16.11,700,1,11.05,100,1,16.15,700,1,11.01,100,1,16.20,100,1,10.99,700,1,16.22,100,1,10.93,200,1,16.30,700,1,10.92,200,1,16.38,200,1,ARL,43191333
185,2025-07-17T13:30:00.730693126Z,2025-07-17T13:30:00.730693126Z,10,2,1108,A,A,0,16.200000000,100,128,174279,28858300,11.76,100,1,15.30,100,1,11.52,100,1,15.61,100,1,11.29,100,1,15.91,100,1,11.14,700,1,16.10,100,1,11.07,700,1,16.11,700,1,11.05,100,1,16.15,700,1,11.01,100,1,16.20,200,1,10.99,700,1,16.22,100,1,10.93,200,1,16.30,700,1,10.92,200,1,16.38,200,1,ARL,43191369
186,2025-07-17T13:30:00.869714108Z,2025-07-17T13:30:00.869714108Z,10,2,1108,A,B,0,9.410000000,100,0,179257,28963643,11.76,100,1,15.30,100,1,11.52,100,1,15.61,100,1,11.29,100,1,15.91,100,1,11.14,700,1,16.10,100,1,11.07,700,1,16.11,700,1,11.05,100,1,16.15,700,1,11.01,100,1,16.20,200,1,10.99,700,1,16.22,100,1,10.93,200,1,16.30,700,1,10.92,200,1,16.38,200,1,ARL,43313553
187,2025-07-17T13:30:00.869715708Z,2025-07-17T13:30:00.869715708Z,10,2,1108,A,A,0,18.360000000,100,128,177657,28963646,11.76,100,1,15.30,100,1,11.52,100,1,15.61,100,1,11.29,100,1,15.91,100,1,11.14,700,1,16.10,100,1,11.07,700,1,16.11,700,1,11.05,100,1,16.15,700,1,11.01,100,1,16.20,200,1,10.99,700,1,16.22,100,1,10.93,200,1,16.30,700,1,10.92,200,1,16.38,200,1,ARL,43313565
188,2025-07-17T13:30:00.869746905Z,2025-07-17T13:30:00.869746905Z,10,2,1108,A,A,0,18.360000000,100,128,175773,28963685,11.76,100,1,15.30,100,1,11.52,100,1,15.61,100,1,11.29,100,1,15.91,100,1,11.14,700,1,16.10,100,1,11.07,700,1,16.11,700,1,11.05,100,1,16.15,700,1,11.01,100,1,16.20,200,1,10.99,700,1,16.22,100,1,10.93,200,1,16.30,700,1,10.92,200,1,16.38,200,1,ARL,43313633
189,2025-07-17T13:30:00.869768981Z,2025-07-17T13:30:00.869768981Z,10,2,1108,A,B,0,9.410000000,100,130,172234,28963699,11.76,100,1,15.30,100,1,11.52,100,1,15.61,100,1,11.29,100,1,15.91,100,1,11.14,700,1,16.10,100,1,11.07,700,1,16.11,700,1,11.05,100,1,16.15,700,1,11.01,100,1,16.20,200,1,10.99,700,1,16.22,100,1,10.93,200,1,16.30,700,1,10.92,200,1,16.38,200,1,ARL,43313681
190,2025-07-17T13:30:00.869883482Z,2025-07-17T13:30:00.869883482Z,10,2,1108,A,B,0,11.240000000,100,128,173434,28963823,11.76,100,1,15.30,100,1,11.52,100,1,15.61,100,1,11.29,100,1,15.91,100,1,11.24,100,1,16.10,100,1,11.14,700,1,16.11,700,1,11.07,700,1,16.15,700,1,11.05,100,1,16.20,200,1,11.01,100,1,16.22,100,1,10.99,700,1,16.30,700,1,10.93,200,1,16.38,200,1,ARL,43313941
191,2025-07-17T13:30:00.869917271Z,2025-07-17T13:30:00.869917271Z,10,2,1108,A,A,0,15.980000000,100,130,169036,28963843,11.76,100,1,15.30,100,1,11.52,100,1,15.61,100,1,11.29,100,1,15.91,100,1,11.24,100,1,15.98,100,1,11.14,700,1,16.10,100,1,11.07,700,1,16.11,700,1,11.05,100,1,16.15,700,1,11.01,100,1,16.20,200,1,10.99,700,1,16.22,100,1,10.93,200,1,16.30,700,1,ARL,43314009
192,2025-07-17T13:30:00.869979897Z,2025-07-17T13:30:00.869979897Z,10,2,1108,C,B,0,8.470000000,100,0,181404,28963935,11.76,100,1,15.30,100,1,11.52,100,1,15.61,100,1,11.29,100,1,15.91,100,1,11.24,100,1,15.98,100,1,11.14,700,1,16.10,100,1,11.07,700,1,16.11,700,1,11.05,100,1,16.15,700,1,11.01,100,1,16.20,200,1,10.99,700,1,16.22,100,1,10.93,200,1,16.30,700,1,ARL,41376333
193,2025-07-17T13:30:00.869979897Z,2025-07-17T13:30:00.869979897Z,10,2,1108,A,B,0,9.550000000,100,0,181404,28963935,11.76,100,1,15.30,100,1,11.52,100,1,15.61,100,1,11.29,100,1,15.91,100,1,11.24,100,1,15.98,100,1,11.14,700,1,16.10,100,1,11.07,700,1,16.11,700,1,11.05,100,1,16.15,700,1,11.01,100,1,16.20,200,1,10.99,700,1,16.22,100,1,10.93,200,1,16.30,700,1,ARL,43314145
194,2025-07-17T13:30:00.869983764Z,2025-07-17T13:30:00.869983764Z,10,2,1108,C,B,0,8.470000000,100,0,177537,28963938,11.76,100,1,15.30,100,1,11.52,100,1,15.61,100,1,11.29,100,1,15.91,100,1,11.24,100,1,15.98,100,1,11.14,700,1,16.10,100,1,11.07,700,1,16.11,700,1,11.05,100,1,16.15,700,1,11.01,100,1,16.20,200,1,10.99,700,1,16.22,100,1,10.93,200,1,16.30,700,1,ARL,41376337
195,2025-07-17T13:30:00.869983764Z,2025-07-17T13:30:00.869983764Z,10,2,1108,A,B,0,9.550000000,100,128,177537,28963938,11.76,100,1,15.30,100,1,11.52,100,1,15.61,100,1,11.29,100,1,15.91,100,1,11.24,100,1,15.98,100,1,11.14,700,1,16.10,100,1,11.07,700,1,16.11,700,1,11.05,100,1,16.15,700,1,11.01,100,1,16.20,200,1,10.99,700,1,16.22,100,1,10.93,200,1,16.30,700,1,ARL,43314149
196,2025-07-17T13:30:00.869988740Z,2025-07-17T13:30:00.869988740Z,10,2,1108,C,B,0,8.470000000,100,0,176579,28963943,11.76,100,1,15.30,100,1,11.52,100,1,15.61,100,1,11.29,100,1,15.91,100,1,11.24,100,1,15.98,100,1,11.14,700,1,16.10,100,1,11.07,700,1,16.11,700,1,11.05,100,1,16.15,700,1,11.01,100,1,16.20,200,1,10.99,700,1,16.22,100,1,10.93,200,1,16.30,700,1,ARL,41376341
197,2025-07-17T13:30:00.869988740Z,2025-07-17T13:30:00.869988740Z,10,2,1108,A,B,0,9.550000000,100,0,176579,28963943,11.76,100,1,15.30,100,1,11.52,100,1,15.61,100,1,11.29,100,1,15.91,100,1,11.24,100,1,15.98,100,1,11.14,700,1,16.10,100,1,11.07,700,1,16.11,700,1,11.05,100,1,16.15,700,1,11.01,100,1,16.20,200,1,10.99,700,1,16.22,100,1,10.93,200,1,16.30,700,1,ARL,43314153
198,2025-07-17T13:30:00.869989204Z,2025-07-17T13:30:00.869989204Z,10,2,1108,C,B,0,8.470000000,100,0,176115,28963944,11.76,100,1,15.30,100,1,11.52,100,1,15.61,100,1,11.29,100,1,15.91,100,1,11.24,100,1,15.98,100,1,11.14,700,1,16.10,100,1,11.07,700,1,16.11,700,1,11.05,100,1,16.15,700,1,11.01,100,1,16.20,200,1,10.99,700,1,16.22,100,1,10.93,200,1,16.30,700,1,ARL,41376345
199,2025-07-17T13:30:00.869989204Z,2025-07-17T13:30:00.869989204Z,10,2,1108,A,B,0,9.550000000,100,128,176115,28963944,11.76,100,1,15.30,100,1,11.52,100,1,15.61,100,1,11.29,100,1,15.91,100,1,11.24,100,1,15.98,100,1,11.14,700,1,16.10,100,1,11.07,700,1,16.11,700,1,11.05,100,1,16.15,700,1,11.01,100,1,16.20,200,1,10.99,700,1,16.22,100,1,10.93,200,1,16.30,700,1,ARL,43314157
200,2025-07-17T13:30:00.869996105Z,2025-07-17T13:30:00.869996105Z,10,2,1108,C,B,0,8.470000000,100,0,178535,28963952,11.76,100,1,15.30,100,1,11.52,100,1,15.61,100,1,11.29,100,1,15.91,100,1,11.24,100,1,15.98,100,1,11.14,700,1,16.10,100,1,11.07,700,1,16.11,700,1,11.05,100,1,16.15,700,1,11.01,100,1,16.20,200,1,10.99,700,1,16.22,100,1,10.93,200,1,16.30,700,1,ARL,41376349
201,2025-07-17T13:30:00.869996105Z,2025-07-17T13:30:00.869996105Z,10,2,1108,A,B,0,9.550000000,100,0,178535,28963952,11.76,100,1,15.30,100,1,11.52,100,1,15.61,100,1,11.29,100,1,15.91,100,1,11.24,100,1,15.98,100,1,11.14,700,1,16.10,100,1,11.07,700,1,16.11,700,1,11.05,100,1,16.15,700,1,11.01,100,1,16.20,200,1,10.99,700,1,16.22,100,1,10.93,200,1,16.30,700,1,ARL,43314161
202,2025-07-17T13:30:00.869996504Z,2025-07-17T13:30:00.869996504Z,10,2,1108,C,B,0,8.470000000,100,0,178136,28963953,11.76,100,1,15.30,100,1,11.52,100,1,15.61,100,1,11.29,100,1,15.91,100,1,11.24,100,1,15.98,100,1,11.14,700,1,16.10,100,1,11.07,700,1,16.11,700,1,11.05,100,1,16.15,700,1,11.01,100,1,16.20,200,1,10.99,700,1,16.22,100,1,10.93,200,1,16.30,700,1,ARL,41376353
203,2025-07-17T13:30:00.869996504Z,2025-07-17T13:30:00.869996504Z,10,2,1108,A,B,0,9.550000000,100,0,178136,28963953,11.76,100,1,15.30,100,1,11.52,100,1,15.61,100,1,11.29,100,1,15.91,100,1,11.24,100,1,15.98,100,1,11.14,700,1,16.10,100,1,11.07,700,1,16.11,700,1,11.05,100,1,16.15,700,1,11.01,100,1,16.20,200,1,10.99,700,1,16.22,100,1,10.93,200,1,16.30,700,1,ARL,43314165
204,2025-07-17T13:30:00.869997057Z,2025-07-17T13:30:00.869997057Z,10,2,1108,C,B,0,8.470000000,100,0,177583,28963954,11.76,100,1,15.30,100,1,11.52,100,1,15.61,100,1,11.29,100,1,15.91,100,1,11.24,100,1,15.98,100,1,11.14,700,1,16.10,100,1,11.07,700,1,16.11,700,1,11.05,100,1,16.15,700,1,11.01,100,1,16.20,200,1,10.99,700,1,16.22,100,1,10.93,200,1,16.30,700,1,ARL,41376357
205,2025-07-17T13:30:00.869997057Z,2025-07-17T13:30:00.869997057Z,10,2,1108,A,B,0,9.550000000,100,128,177583,28963954,11.76,100,1,15.30,100,1,11.52,100,1,15.61,100,1,11.29,100,1,15.91,100,1,11.24,100,1,15.98,100,1,11.14,700,1,16.10,100,1,11.07,700,1,16.11,700,1,11.05,100,1,16.15,700,1,11.01,100,1,16.20,200,1,10.99,700,1,16.22,100,1,10.93,200,1,16.30,700,1,ARL,43314169
206,2025-07-17T13:30:00.870003387Z,2025-07-17T13:30:00.870003387Z,10,2,1108,C,B,0,8.470000000,100,0,176364,28963962,11.76,100,1,15.30,100,1,11.52,100,1,15.61,100,1,11.29,100,1,15.91,100,1,11.24,100,1,15.98,100,1,11.14,700,1,16.10,100,1,11.07,700,1,16.11,700,1,11.05,100,1,16.15,700,1,11.01,100,1,16.20,200,1,10.99,700,1,16.22,100,1,10.93,200,1,16.30,700,1,ARL,42202297
207,2025-07-17T13:30:00.870003387Z,2025-07-17T13:30:00.870003387Z,10,2,1108,A,B,0,9.550000000,100,0,176364,28963962,11.76,100,1,15.30,100,1,11.52,100,1,15.61,100,1,11.29,100,1,15.91,100,1,11.24,100,1,15.98,100,1,11.14,700,1,16.10,100,1,11.07,700,1,16.11,700,1,11.05,100,1,16.15,700,1,11.01,100,1,16.20,200,1,10.99,700,1,16.22,100,1,10.93,200,1,16.30,700,1,ARL,43314173
208,2025-07-17T13:30:00.870004158Z,2025-07-17T13:30:00.870004158Z,10,2,1108,C,B,0,8.470000000,100,0,175593,28963963,11.76,100,1,15.30,100,1,11.52,100,1,15.61,100,1,11.29,100,1,15.91,100,1,11.24,100,1,15.98,100,1,11.14,700,1,16.10,100,1,11.07,700,1,16.11,700,1,11.05,100,1,16.15,700,1,11.01,100,1,16.20,200,1,10.99,700,1,16.22,100,1,10.93,200,1,16.30,700,1,ARL,42951397
209,2025-07-17T13:30:00.870004158Z,2025-07-17T13:30:00.870004158Z,10,2,1108,A,B,0,9.550000000,100,128,175593,28963963,11.76,100,1,15.30,100,1,11.52,100,1,15.61,100,1,11.29,100,1,15.91,100,1,11.24,100,1,15.98,100,1,11.14,700,1,16.10,100,1,11.07,700,1,16.11,700,1,11.05,100,1,16.15,700,1,11.01,100,1,16.20,200,1,10.99,700,1,16.22,100,1,10.93,200,1,16.30,700,1,ARL,43314177
210,2025-07-17T13:30:00.870009922Z,2025-07-17T13:30:00.870009922Z,10,2,1108,C,A,0,19.580000000,100,0,176506,28963970,11.76,100,1,15.30,100,1,11.52,100,1,15.61,100,1,11.29,100,1,15.91,100,1,11.24,100,1,15.98,100,1,11.14,700,1,16.10,100,1,11.07,700,1,16.11,700,1,11.05,100,1,16.15,700,1,11.01,100,1,16.20,200,1,10.99,700,1,16.22,100,1,10.93,200,1,16.30,700,1,ARL,41370945
211,2025-07-17T13:30:00.870009922Z,2025-07-17T13:30:00.870009922Z,10,2,1108,A,A,0,18.380000000,100,0,176506,28963970,11.76,100,1,15.30,100,1,11.52,100,1,15.61,100,1,11.29,100,1,15.91,100,1,11.24,100,1,15.98,100,1,11.14,700,1,16.10,100,1,11.07,700,1,16.11,700,1,11.05,100,1,16.15,700,1,11.01,100,1,16.20,200,1,10.99,700,1,16.22,100,1,10.93,200,1,16.30,700,1,ARL,43314181
212,2025-07-17T13:30:00.870010386Z,2025-07-17T13:30:00.870010386Z,10,2,1108,C,A,0,19.580000000,100,0,176042,28963971,11.76,100,1,15.30,100,1,11.52,100,1,15.61,100,1,11.29,100,1,15.91,100,1,11.24,100,1,15.98,100,1,11.14,700,1,16.10,100,1,11.07,700,1,16.11,700,1,11.05,100,1,16.15,700,1,11.01,100,1,16.20,200,1,10.99,700,1,16.22,100,1,10.93,200,1,16.30,700,1,ARL,41370949
213,2025-07-17T13:30:00.870010386Z,2025-07-17T13:30:00.870010386Z,10,2,1108,A,A,0,18.380000000,100,128,176042,28963971,11.76,100,1,15.30,100,1,11.52,100,1,15.61,100,1,11.29,100,1,15.91,100,1,11.24,100,1,15.98,100,1,11.14,700,1,16.10,100,1,11.07,700,1,16.11,700,1,11.05,100,1,16.15,700,1,11.01,100,1,16.20,200,1,10.99,700,1,16.22,100,1,10.93,200,1,16.30,700,1,ARL,43314185
214,2025-07-17T13:30:00.870017071Z,2025-07-17T13:30:00.870017071Z,10,2,1108,C,A,0,19.580000000,100,0,177323,28963981,11.76,100,1,15.30,100,1,11.52,100,1,15.61,100,1,11.29,100,1,15.91,100,1,11.24,100,1,15.98,100,1,11.14,700,1,16.10,100,1,11.07,700,1,16.11,700,1,11.05,100,1,16.15,700,1,11.01,100,1,16.20,200,1,10.99,700,1,16.22,100,1,10.93,200,1,16.30,700,1,ARL,41370953
215,2025-07-17T13:30:00.870017071Z,2025-07-17T13:30:00.870017071Z,10,2,1108,A,A,0,18.380000000,100,0,177323,28963981,11.76,100,1,15.30,100,1,11.52,100,1,15.61,100,1,11.29,100,1,15.91,100,1,11.24,100,1,15.98,100,1,11.14,700,1,16.10,100,1,11.07,700,1,16.11,700,1,11.05,100,1,16.15,700,1,11.01,100,1,16.20,200,1,10.99,700,1,16.22,100,1,10.93,200,1,16.30,700,1,ARL,43314189
216,2025-07-17T13:30:00.870022776Z,2025-07-17T13:30:00.870022776Z,10,2,1108,C,A,0,19.580000000,100,0,171618,28963983,11.76,100,1,15.30,100,1,11.52,100,1,15.61,100,1,11.29,100,1,15.91,100,1,11.24,100,1,15.98,100,1,11.14,700,1,16.10,100,1,11.07,700,1,16.11,700,1,11.05,100,1,16.15,700,1,11.01,100,1,16.20,200,1,10.99,700,1,16.22,100,1,10.93,200,1,16.30,700,1,ARL,41370957
217,2025-07-17T13:30:00.870022776Z,2025-07-17T13:30:00.870022776Z,10,2,1108,A,A,0,18.380000000,100,0,171618,28963983,11.76,100,1,15.30,100,1,11.52,100,1,15.61,100,1,11.29,100,1,15.91,100,1,11.24,100,1,15.98,100,1,11.14,700,1,16.10,100,1,11.07,700,1,16.11,700,1,11.05,100,1,16.15,700,1,11.01,100,1,16.20,200,1,10.99,700,1,16.22,100,1,10.93,200,1,16.30,700,1,ARL,43314233
218,2025-07-17T13:30:00.870023199Z,2025-07-17T13:30:00.870023199Z,10,2,1108,C,A,0,19.580000000,100,0,171195,28963984,11.76,100,1,15.30,100,1,11.52,100,1,15.61,100,1,11.29,100,1,15.91,100,1,11.24,100,1,15.98,100,1,11.14,700,1,16.10,100,1,11.07,700,1,16.11,700,1,11.05,100,1,16.15,700,1,11.01,100,1,16.20,200,1,10.99,700,1,16.22,100,1,10.93,200,1,16.30,700,1,ARL,41370961
219,2025-07-17T13:30:00.870023199Z,2025-07-17T13:30:00.870023199Z,10,2,1108,A,A,0,18.380000000,100,0,171195,28963984,11.76,100,1,15.30,100,1,11.52,100,1,15.61,100,1,11.29,100,1,15.91,100,1,11.24,100,1,15.98,100,1,11.14,700,1,16.10,100,1,11.07,700,1,16.11,700,1,11.05,100,1,16.15,700,1,11.01,100,1,16.20,200,1,10.99,700,1,16.22,100,1,10.93,200,1,16.30,700,1,ARL,43314237
220,2025-07-17T13:30:00.870023701Z,2025-07-17T13:30:00.870023701Z,10,2,1108,C,A,0,19.580000000,100,0,170693,28963985,11.76,100,1,15.30,100,1,11.52,100,1,15.61,100,1,11.29,100,1,15.91,100,1,11.24,100,1,15.98,100,1,11.14,700,1,16.10,100,1,11.07,700,1,16.11,700,1,11.05,100,1,16.15,700,1,11.01,100,1,16.20,200,1,10.99,700,1,16.22,100,1,10.93,200,1,16.30,700,1,ARL,41370965
221,2025-07-17T13:30:00.870023701Z,2025-07-17T13:30:00.870023701Z,10,2,1108,A,A,0,18.380000000,100,130,170693,28963985,11.76,100,1,15.30,100,1,11.52,100,1,15.61,100,1,11.29,100,1,15.91,100,1,11.24,100,1,15.98,100,1,11.14,700,1,16.10,100,1,11.07,700,1,16.11,700,1,11.05,100,1,16.15,700,1,11.01,100,1,16.20,200,1,10.99,700,1,16.22,100,1,10.93,200,1,16.30,700,1,ARL,43314241
222,2025-07-17T13:30:00.870053023Z,2025-07-17T13:30:00.870053023Z,10,2,1108,C,A,0,19.580000000,100,0,176378,28964015,11.76,100,1,15.30,100,1,11.52,100,1,15.61,100,1,11.29,100,1,15.91,100,1,11.24,100,1,15.98,100,1,11.14,700,1,16.10,100,1,11.07,700,1,16.11,700,1,11.05,100,1,16.15,700,1,11.01,100,1,16.20,200,1,10.99,700,1,16.22,100,1,10.93,200,1,16.30,700,1,ARL,41370969
223,2025-07-17T13:30:00.870053023Z,2025-07-17T13:30:00.870053023Z,10,2,1108,A,A,0,18.380000000,100,0,176378,28964015,11.76,100,1,15.30,100,1,11.52,100,1,15.61,100,1,11.29,100,1,15.91,100,1,11.24,100,1,15.98,100,1,11.14,700,1,16.10,100,1,11.07,700,1,16.11,700,1,11.05,100,1,16.15,700,1,11.01,100,1,16.20,200,1,10.99,700,1,16.22,100,1,10.93,200,1,16.30,700,1,ARL,43314245
224,2025-07-17T13:30:00.870053791Z,2025-07-17T13:30:00.870053791Z,10,2,1108,C,A,0,19.580000000,100,0,175610,28964016,11.76,100,1,15.30,100,1,11.52,100,1,15.61,100,1,11.29,100,1,15.91,100,1,11.24,100,1,15.98,100,1,11.14,700,1,16.10,100,1,11.07,700,1,16.11,700,1,11.05,100,1,16.15,700,1,11.01,100,1,16.20,200,1,10.99,700,1,16.22,100,1,10.93,200,1,16.30,700,1,ARL,42204681
225,2025-07-17T13:30:00.870053791Z,2025-07-17T13:30:00.870053791Z,10,2,1108,A,A,0,18.380000000,100,0,175610,28964016,11.76,100,1,15.30,100,1,11.52,100,1,15.61,100,1,11.29,100,1,15.91,100,1,11.24,100,1,15.98,100,1,11.14,700,1,16.10,100,1,11.07,700,1,16.11,700,1,11.05,100,1,16.15,700,1,11.01,100,1,16.20,200,1,10.99,700,1,16.22,100,1,10.93,200,1,16.30,700,1,ARL,43314253
226,2025-07-17T13:30:00.870054073Z,2025-07-17T13:30:00.870054073Z,10,2,1108,C,A,0,19.580000000,100,0,175328,28964017,11.76,100,1,15.30,100,1,11.52,100,1,15.61,100,1,11.29,100,1,15.91,100,1,11.24,100,1,15.98,100,1,11.14,700,1,16.10,100,1,11.07,700,1,16.11,700,1,11.05,100,1,16.15,700,1,11.01,100,1,16.20,200,1,10.99,700,1,16.22,100,1,10.93,200,1,16.30,700,1,ARL,42946053
227,2025-07-17T13:30:00.870054073Z,2025-07-17T13:30:00.870054073Z,10,2,1108,A,A,0,18.380000000,100,128,175328,28964017,11.76,100,1,15.30,100,1,11.52,100,1,15.61,100,1,11.29,100,1,15.91,100,1,11.24,100,1,15.98,100,1,11.14,700,1,16.10,100,1,11.07,700,1,16.11,700,1,11.05,100,1,16.15,700,1,11.01,100,1,16.20,200,1,10.99,700,1,16.22,100,1,10.93,200,1,16.30,700,1,ARL,43314257
228,2025-07-17T13:30:00.870063003Z,2025-07-17T13:30:00.870063003Z,10,2,1108,C,A,0,18.360000000,100,0,173143,28964020,11.76,100,1,15.30,100,1,11.52,100,1,15.61,100,1,11.29,100,1,15.91,100,1,11.24,100,1,15.98,100,1,11.14,700,1,16.10,100,1,11.07,700,1,16.11,700,1,11.05,100,1,16.15,700,1,11.01,100,1,16.20,200,1,10.99,700,1,16.22,100,1,10.93,200,1,16.30,700,1,ARL,43313633
229,2025-07-17T13:30:00.870063920Z,2025-07-17T13:30:00.870063920Z,10,2,1108,C,B,0,9.410000000,100,128,172226,28964021,11.76,100,1,15.30,100,1,11.52,100,1,15.61,100,1,11.29,100,1,15.91,100,1,11.24,100,1,15.98,100,1,11.14,700,1,16.10,100,1,11.07,700,1,16.11,700,1,11.05,100,1,16.15,700,1,11.01,100,1,16.20,200,1,10.99,700,1,16.22,100,1,10.93,200,1,16.30,700,1,ARL,43313681
230,2025-07-17T13:30:00.870151543Z,2025-07-17T13:30:00.870151543Z,10,2,1108,A,B,0,10.610000000,100,128,167854,28964128,11.76,100,1,15.30,100,1,11.52,100,1,15.61,100,1,11.29,100,1,15.91,100,1,11.24,100,1,15.98,100,1,11.14,700,1,16.10,100,1,11.07,700,1,16.11,700,1,11.05,100,1,16.15,700,1,11.01,100,1,16.20,200,1,10.99,700,1,16.22,100,1,10.93,200,1,16.30,700,1,ARL,43314465
231,2025-07-17T13:30:00.870209113Z,2025-07-17T13:30:00.870209113Z,10,2,1108,A,A,0,17.230000000,100,128,181115,28964207,11.76,100,1,15.30,100,1,11.52,100,1,15.61,100,1,11.29,100,1,15.91,100,1,11.24,100,1,15.98,100,1,11.14,700,1,16.10,100,1,11.07,700,1,16.11,700,1,11.05,100,1,16.15,700,1,11.01,100,1,16.20,200,1,10.99,700,1,16.22,100,1,10.93,200,1,16.30,700,1,ARL,43314561
232,2025-07-17T13:30:00.870273955Z,2025-07-17T13:30:00.870273955Z,10,2,1108,C,B,0,11.240000000,100,0,178095,28964259,11.76,100,1,15.30,100,1,11.52,100,1,15.61,100,1,11.29,100,1,15.91,100,1,11.14,700,1,15.98,100,1,11.07,700,1,16.10,100,1,11.05,100,1,16.11,700,1,11.01,100,1,16.15,700,1,10.99,700,1,16.20,200,1,10.93,200,1,16.22,100,1,10.92,200,1,16.30,700,1,ARL,43313941
233,2025-07-17T13:30:00.870278857Z,2025-07-17T13:30:00.870278857Z,10,2,1108,C,A,0,15.980000000,100,128,173193,28964260,11.76,100,1,15.30,100,1,11.52,100,1,15.61,100,1,11.29,100,1,15.91,100,1,11.14,700,1,16.10,100,1,11.07,700,1,16.11,700,1,11.05,100,1,16.15,700,1,11.01,100,1,16.20,200,1,10.99,700,1,16.22,100,1,10.93,200,1,16.30,700,1,10.92,200,1,16.38,200,1,ARL,43314009
234,2025-07-17T13:30:00.870579856Z,2025-07-17T13:30:00.870579856Z,10,2,1108,C,B,0,9.410000000,100,0,169065,28964629,11.76,100,1,15.30,100,1,11.52,100,1,15.61,100,1,11.29,100,1,15.91,100,1,11.14,700,1,16.10,100,1,11.07,700,1,16.11,700,1,11.05,100,1,16.15,700,1,11.01,100,1,16.20,200,1,10.99,700,1,16.22,100,1,10.93,200,1,16.30,700,1,10.92,200,1,16.38,200,1,ARL,43313553
235,2025-07-17T13:30:00.870580243Z,2025-07-17T13:30:00.870580243Z,10,2,1108,C,A,0,18.360000000,100,128,168678,28964630,11.76,100,1,15.30,100,1,11.52,100,1,15.61,100,1,11.29,100,1,15.91,100,1,11.14,700,1,16.10,100,1,11.07,700,1,16.11,700,1,11.05,100,1,16.15,700,1,11.01,100,1,16.20,200,1,10.99,700,1,16.22,100,1,10.93,200,1,16.30,700,1,10.92,200,1,16.38,200,1,ARL,43313565
236,2025-07-17T13:30:00.870848973Z,2025-07-17T13:30:00.870848973Z,10,2,1108,A,B,0,11.400000000,100,128,175937,28964903,11.76,100,1,15.30,100,1,11.52,100,1,15.61,100,1,11.40,100,1,15.91,100,1,11.29,100,1,16.10,100,1,11.14,700,1,16.11,700,1,11.07,700,1,16.15,700,1,11.05,100,1,16.20,200,1,11.01,100,1,16.22,100,1,10.99,700,1,16.30,700,1,10.93,200,1,16.38,200,1,ARL,43315905
237,2025-07-17T13:30:00.870874152Z,2025-07-17T13:30:00.870874152Z,10,2,1108,C,B,0,10.110000000,100,128,173195,28964931,11.76,100,1,15.30,100,1,11.52,100,1,15.61,100,1,11.40,100,1,15.91,100,1,11.29,100,1,16.10,100,1,11.14,700,1,16.11,700,1,11.07,700,1,16.15,700,1,11.05,100,1,16.20,200,1,11.01,100,1,16.22,100,1,10.99,700,1,16.30,700,1,10.93,200,1,16.38,200,1,ARL,42583289
238,2025-07-17T13:30:00.871359085Z,2025-07-17T13:30:00.871359085Z,10,2,1108,A,A,0,16.380000000,100,128,176400,28965402,11.76,100,1,15.30,100,1,11.52,100,1,15.61,100,1,11.40,100,1,15.91,100,1,11.29,100,1,16.10,100,1,11.14,700,1,16.11,700,1,11.07,700,1,16.15,700,1,11.05,100,1,16.20,200,1,11.01,100,1,16.22,100,1,10.99,700,1,16.30,700,1,10.93,200,1,16.38,300,1,ARL,43317137
239,2025-07-17T13:30:00.871371794Z,2025-07-17T13:30:00.871371794Z,10,2,1108,A,B,0,10.610000000,100,128,172541,28965409,11.76,100,1,15.30,100,1,11.52,100,1,15.61,100,1,11.40,100,1,15.91,100,1,11.29,100,1,16.10,100,1,11.14,700,1,16.11,700,1,11.07,700,1,16.15,700,1,11.05,100,1,16.20,200,1,11.01,100,1,16.22,100,1,10.99,700,1,16.30,700,1,10.93,200,1,16.38,300,1,ARL,43317177
240,2025-07-17T13:30:00.871379595Z,2025-07-17T13:30:00.871379595Z,10,2,1108,A,A,0,17.230000000,100,0,172422,28965416,11.76,100,1,15.30,100,1,11.52,100,1,15.61,100,1,11.40,100,1,15.91,100,1,11.29,100,1,16.10,100,1,11.14,700,1,16.11,700,1,11.07,700,1,16.15,700,1,11.05,100,1,16.20,200,1,11.01,100,1,16.22,100,1,10.99,700,1,16.30,700,1,10.93,200,1,16.38,300,1,ARL,43317185
241,2025-07-17T13:30:00.871381021Z,2025-07-17T13:30:00.871381021Z,10,2,1108,C,A,0,17.450000000,100,128,170996,28965418,11.76,100,1,15.30,100,1,11.52,100,1,15.61,100,1,11.40,100,1,15.91,100,1,11.29,100,1,16.10,100,1,11.14,700,1,16.11,700,1,11.07,700,1,16.15,700,1,11.05,100,1,16.20,200,1,11.01,100,1,16.22,100,1,10.99,700,1,16.30,700,1,10.93,200,1,16.38,300,1,ARL,42583293
242,2025-07-17T13:30:00.871520352Z,2025-07-17T13:30:00.871520352Z,10,2,1108,C,B,0,10.840000000,100,0,180652,28965571,11.76,100,1,15.30,100,1,11.52,100,1,15.61,100,1,11.40,100,1,15.91,100,1,11.29,100,1,16.10,100,1,11.14,700,1,16.11,700,1,11.07,700,1,16.15,700,1,11.05,100,1,16.20,200,1,11.01,100,1,16.22,100,1,10.99,700,1,16.30,700,1,10.93,200,1,16.38,300,1,ARL,41635065
243,2025-07-17T13:30:00.871520352Z,2025-07-17T13:30:00.871520352Z,10,2,1108,A,B,0,12.230000000,100,128,180652,28965571,12.23,100,1,15.30,100,1,11.76,100,1,15.61,100,1,11.52,100,1,15.91,100,1,11.40,100,1,16.10,100,1,11.29,100,1,16.11,700,1,11.14,700,1,16.15,700,1,11.07,700,1,16.20,200,1,11.05,100,1,16.22,100,1,11.01,100,1,16.30,700,1,10.99,700,1,16.38,300,1,ARL,43317473
244,2025-07-17T13:30:00.871548318Z,2025-07-17T13:30:00.871548318Z,10,2,1108,C,A,0,16.490000000,100,0,174965,28965592,12.23,100,1,15.30,100,1,11.76,100,1,15.61,100,1,11.52,100,1,15.91,100,1,11.40,100,1,16.10,100,1,11.29,100,1,16.11,700,1,11.14,700,1,16.15,700,1,11.07,700,1,16.20,200,1,11.05,100,1,16.22,100,1,11.01,100,1,16.30,700,1,10.99,700,1,16.38,300,1,ARL,41635069
245,2025-07-17T13:30:00.871548318Z,2025-07-17T13:30:00.871548318Z,10,2,1108,A,A,0,15.470000000,100,128,174965,28965592,12.23,100,1,15.30,100,1,11.76,100,1,15.47,100,1,11.52,100,1,15.61,100,1,11.40,100,1,15.91,100,1,11.29,100,1,16.10,100,1,11.14,700,1,16.11,700,1,11.07,700,1,16.15,700,1,11.05,100,1,16.20,200,1,11.01,100,1,16.22,100,1,10.99,700,1,16.30,700,1,ARL,43317561
246,2025-07-17T13:30:00.911486897Z,2025-07-17T13:30:00.911486897Z,10,2,1108,A,B,0,11.690000000,2,128,224530,28973032,12.23,100,1,15.30,100,1,11.76,100,1,15.47,100,1,11.69,2,1,15.61,100,1,11.52,100,1,15.91,100,1,11.40,100,1,16.10,100,1,11.29,100,1,16.11,700,1,11.14,700,1,16.15,700,1,11.07,700,1,16.20,200,1,11.05,100,1,16.22,100,1,11.01,100,1,16.30,700,1,ARL,43324133
247,2025-07-17T13:30:00.914351054Z,2025-07-17T13:30:00.914351054Z,10,2,1108,A,A,0,15.310000000,2,128,177681,28975648,12.23,100,1,15.30,100,1,11.76,100,1,15.31,2,1,11.69,2,1,15.47,100,1,11.52,100,1,15.61,100,1,11.40,100,1,15.91,100,1,11.29,100,1,16.10,100,1,11.14,700,1,16.11,700,1,11.07,700,1,16.15,700,1,11.05,100,1,16.20,200,1,11.01,100,1,16.22,100,1,ARL,43328313
248,2025-07-17T13:30:00.915197739Z,2025-07-17T13:30:00.915197739Z,10,2,1108,C,B,0,10.580000000,100,0,174269,28976307,12.23,100,1,15.30,100,1,11.76,100,1,15.31,2,1,11.69,2,1,15.47,100,1,11.52,100,1,15.61,100,1,11.40,100,1,15.91,100,1,11.29,100,1,16.10,100,1,11.14,700,1,16.11,700,1,11.07,700,1,16.15,700,1,11.05,100,1,16.20,200,1,11.01,100,1,16.22,100,1,ARL,41376725
249,2025-07-17T13:30:00.915197739Z,2025-07-17T13:30:00.915197739Z,10,2,1108,A,B,0,11.930000000,100,130,174269,28976307,12.23,100,1,15.30,100,1,11.93,100,1,15.31,2,1,11.76,100,1,15.47,100,1,11.69,2,1,15.61,100,1,11.52,100,1,15.91,100,1,11.40,100,1,16.10,100,1,11.29,100,1,16.11,700,1,11.14,700,1,16.15,700,1,11.07,700,1,16.20,200,1,11.05,100,1,16.22,100,1,ARL,43329953
250,2025-07-17T13:30:00.916332252Z,2025-07-17T13:30:00.916332252Z,10,2,1108,C,A,0,16.830000000,100,0,175728,28977103,12.23,100,1,15.30,100,1,11.93,100,1,15.31,2,1,11.76,100,1,15.47,100,1,11.69,2,1,15.61,100,1,11.52,100,1,15.91,100,1,11.40,100,1,16.10,100,1,11.29,100,1,16.11,700,1,11.14,700,1,16.15,700,1,11.07,700,1,16.20,200,1,11.05,100,1,16.22,100,1,ARL,41372125
251,2025-07-17T13:30:00.916332252Z,2025-07-17T13:30:00.916332252Z,10,2,1108,A,A,0,15.800000000,100,128,175728,28977103,12.23,100,1,15.30,100,1,11.93,100,1,15.31,2,1,11.76,100,1,15.47,100,1,11.69,2,1,15.61,100,1,11.52,100,1,15.80,100,1,11.40,100,1,15.91,100,1,11.29,100,1,16.10,100,1,11.14,700,1,16.11,700,1,11.07,700,1,16.15,700,1,11.05,100,1,16.20,200,1,ARL,43331877
252,2025-07-17T13:30:00.920144110Z,2025-07-17T13:30:00.920144110Z,10,2,1108,C,A,0,18.380000000,100,0,175435,28979475,12.23,100,1,15.30,100,1,11.93,100,1,15.31,2,1,11.76,100,1,15.47,100,1,11.69,2,1,15.61,100,1,11.52,100,1,15.80,100,1,11.40,100,1,15.91,100,1,11.29,100,1,16.10,100,1,11.14,700,1,16.11,700,1,11.07,700,1,16.15,700,1,11.05,100,1,16.20,200,1,ARL,43314181
253,2025-07-17T13:30:00.920144110Z,2025-07-17T13:30:00.920144110Z,10,2,1108,A,A,0,17.150000000,100,0,175435,28979475,12.23,100,1,15.30,100,1,11.93,100,1,15.31,2,1,11.76,100,1,15.47,100,1,11.69,2,1,15.61,100,1,11.52,100,1,15.80,100,1,11.40,100,1,15.91,100,1,11.29,100,1,16.10,100,1,11.14,700,1,16.11,700,1,11.07,700,1,16.15,700,1,11.05,100,1,16.20,200,1,ARL,43339133
254,2025-07-17T13:30:00.920147410Z,2025-07-17T13:30:00.920147410Z,10,2,1108,C,A,0,18.380000000,100,0,172135,28979478,12.23,100,1,15.30,100,1,11.93,100,1,15.31,2,1,11.76,100,1,15.47,100,1,11.69,2,1,15.61,100,1,11.52,100,1,15.80,100,1,11.40,100,1,15.91,100,1,11.29,100,1,16.10,100,1,11.14,700,1,16.11,700,1,11.07,700,1,16.15,700,1,11.05,100,1,16.20,200,1,ARL,43314185
255,2025-07-17T13:30:00.920147410Z,2025-07-17T13:30:00.920147410Z,10,2,1108,A,A,0,17.150000000,100,130,172135,28979478,12.23,100,1,15.30,100,1,11.93,100,1,15.31,2,1,11.76,100,1,15.47,100,1,11.69,2,1,15.61,100,1,11.52,100,1,15.80,100,1,11.40,100,1,15.91,100,1,11.29,100,1,16.10,100,1,11.14,700,1,16.11,700,1,11.07,700,1,16.15,700,1,11.05,100,1,16.20,200,1,ARL,43339165
256,2025-07-17T13:30:00.920208398Z,2025-07-17T13:30:00.920208398Z,10,2,1108,C,A,0,18.380000000,100,0,171843,28979515,12.23,100,1,15.30,100,1,11.93,100,1,15.31,2,1,11.76,100,1,15.47,100,1,11.69,2,1,15.61,100,1,11.52,100,1,15.80,100,1,11.40,100,1,15.91,100,1,11.29,100,1,16.10,100,1,11.14,700,1,16.11,700,1,11.07,700,1,16.15,700,1,11.05,100,1,16.20,200,1,ARL,43314189
257,2025-07-17T13:30:00.920208398Z,2025-07-17T13:30:00.920208398Z,10,2,1108,A,A,0,17.150000000,100,0,171843,28979515,12.23,100,1,15.30,100,1,11.93,100,1,15.31,2,1,11.76,100,1,15.47,100,1,11.69,2,1,15.61,100,1,11.52,100,1,15.80,100,1,11.40,100,1,15.91,100,1,11.29,100,1,16.10,100,1,11.14,700,1,16.11,700,1,11.07,700,1,16.15,700,1,11.05,100,1,16.20,200,1,ARL,43339333
258,2025-07-17T13:30:00.920208920Z,2025-07-17T13:30:00.920208920Z,10,2,1108,C,A,0,18.380000000,100,0,171321,28979516,12.23,100,1,15.30,100,1,11.93,100,1,15.31,2,1,11.76,100,1,15.47,100,1,11.69,2,1,15.61,100,1,11.52,100,1,15.80,100,1,11.40,100,1,15.91,100,1,11.29,100,1,16.10,100,1,11.14,700,1,16.11,700,1,11.07,700,1,16.15,700,1,11.05,100,1,16.20,200,1,ARL,43314233
259,2025-07-17T13:30:00.920208920Z,2025-07-17T13:30:00.920208920Z,10,2,1108,A,A,0,17.150000000,100,130,171321,28979516,12.23,100,1,15.30,100,1,11.93,100,1,15.31,2,1,11.76,100,1,15.47,100,1,11.69,2,1,15.61,100,1,11.52,100,1,15.80,100,1,11.40,100,1,15.91,100,1,11.29,100,1,16.10,100,1,11.14,700,1,16.11,700,1,11.07,700,1,16.15,700,1,11.05,100,1,16.20,200,1,ARL,43339337
260,2025-07-17T13:30:00.920209286Z,2025-07-17T13:30:00.920209286Z,10,2,1108,C,A,0,18.380000000,100,0,180719,28979517,12.23,100,1,15.30,100,1,11.93,100,1,15.31,2,1,11.76,100,1,15.47,100,1,11.69,2,1,15.61,100,1,11.52,100,1,15.80,100,1,11.40,100,1,15.91,100,1,11.29,100,1,16.10,100,1,11.14,700,1,16.11,700,1,11.07,700,1,16.15,700,1,11.05,100,1,16.20,200,1,ARL,43314237
261,2025-07-17T13:30:00.920209286Z,2025-07-17T13:30:00.920209286Z,10,2,1108,A,A,0,17.150000000,100,0,180719,28979517,12.23,100,1,15.30,100,1,11.93,100,1,15.31,2,1,11.76,100,1,15.47,100,1,11.69,2,1,15.61,100,1,11.52,100,1,15.80,100,1,11.40,100,1,15.91,100,1,11.29,100,1,16.10,100,1,11.14,700,1,16.11,700,1,11.07,700,1,16.15,700,1,11.05,100,1,16.20,200,1,ARL,43339341
262,2025-07-17T13:30:00.920216613Z,2025-07-17T13:30:00.920216613Z,10,2,1108,C,A,0,18.380000000,100,0,173392,28979521,12.23,100,1,15.30,100,1,11.93,100,1,15.31,2,1,11.76,100,1,15.47,100,1,11.69,2,1,15.61,100,1,11.52,100,1,15.80,100,1,11.40,100,1,15.91,100,1,11.29,100,1,16.10,100,1,11.14,700,1,16.11,700,1,11.07,700,1,16.15,700,1,11.05,100,1,16.20,200,1,ARL,43314241
263,2025-07-17T13:30:00.920216613Z,2025-07-17T13:30:00.920216613Z,10,2,1108,A,A,0,17.150000000,100,0,173392,28979521,12.23,100,1,15.30,100,1,11.93,100,1,15.31,2,1,11.76,100,1,15.47,100,1,11.69,2,1,15.61,100,1,11.52,100,1,15.80,100,1,11.40,100,1,15.91,100,1,11.29,100,1,16.10,100,1,11.14,700,1,16.11,700,1,11.07,700,1,16.15,700,1,11.05,100,1,16.20,200,1,ARL,43339377
264,2025-07-17T13:30:00.920217193Z,2025-07-17T13:30:00.920217193Z,10,2,1108,C,A,0,18.380000000,100,0,172812,28979522,12.23,100,1,15.30,100,1,11.93,100,1,15.31,2,1,11.76,100,1,15.47,100,1,11.69,2,1,15.61,100,1,11.52,100,1,15.80,100,1,11.40,100,1,15.91,100,1,11.29,100,1,16.10,100,1,11.14,700,1,16.11,700,1,11.07,700,1,16.15,700,1,11.05,100,1,16.20,200,1,ARL,43314245
265,2025-07-17T13:30:00.920217193Z,2025-07-17T13:30:00.920217193Z,10,2,1108,A,A,0,17.150000000,100,0,172812,28979522,12.23,100,1,15.30,100,1,11.93,100,1,15.31,2,1,11.76,100,1,15.47,100,1,11.69,2,1,15.61,100,1,11.52,100,1,15.80,100,1,11.40,100,1,15.91,100,1,11.29,100,1,16.10,100,1,11.14,700,1,16.11,700,1,11.07,700,1,16.15,700,1,11.05,100,1,16.20,200,1,ARL,43339381
266,2025-07-17T13:30:00.920217632Z,2025-07-17T13:30:00.920217632Z,10,2,1108,C,A,0,18.380000000,100,0,172373,28979523,12.23,100,1,15.30,100,1,11.93,100,1,15.31,2,1,11.76,100,1,15.47,100,1,11.69,2,1,15.61,100,1,11.52,100,1,15.80,100,1,11.40,100,1,15.91,100,1,11.29,100,1,16.10,100,1,11.14,700,1,16.11,700,1,11.07,700,1,16.15,700,1,11.05,100,1,16.20,200,1,ARL,43314253
267,2025-07-17T13:30:00.920217632Z,2025-07-17T13:30:00.920217632Z,10,2,1108,A,A,0,17.150000000,100,130,172373,28979523,12.23,100,1,15.30,100,1,11.93,100,1,15.31,2,1,11.76,100,1,15.47,100,1,11.69,2,1,15.61,100,1,11.52,100,1,15.80,100,1,11.40,100,1,15.91,100,1,11.29,100,1,16.10,100,1,11.14,700,1,16.11,700,1,11.07,700,1,16.15,700,1,11.05,100,1,16.20,200,1,ARL,43339385
268,2025-07-17T13:30:00.920351772Z,2025-07-17T13:30:00.920351772Z,10,2,1108,C,A,0,18.380000000,100,0,178333,28979649,12.23,100,1,15.30,100,1,11.93,100,1,15.31,2,1,11.76,100,1,15.47,100,1,11.69,2,1,15.61,100,1,11.52,100,1,15.80,100,1,11.40,100,1,15.91,100,1,11.29,100,1,16.10,100,1,11.14,700,1,16.11,700,1,11.07,700,1,16.15,700,1,11.05,100,1,16.20,200,1,ARL,43314257
269,2025-07-17T13:30:00.920351772Z,2025-07-17T13:30:00.920351772Z,10,2,1108,A,A,0,17.150000000,100,128,178333,28979649,12.23,100,1,15.30,100,1,11.93,100,1,15.31,2,1,11.76,100,1,15.47,100,1,11.69,2,1,15.61,100,1,11.52,100,1,15.80,100,1,11.40,100,1,15.91,100,1,11.29,100,1,16.10,100,1,11.14,700,1,16.11,700,1,11.07,700,1,16.15,700,1,11.05,100,1,16.20,200,1,ARL,43339565
270,2025-07-17T13:30:00.931432717Z,2025-07-17T13:30:00.931432717Z,10,2,1108,C,A,0,15.800000000,100,0,172973,28991138,12.23,100,1,15.30,100,1,11.93,100,1,15.31,2,1,11.76,100,1,15.47,100,1,11.69,2,1,15.61,100,1,11.52,100,1,15.91,100,1,11.40,100,1,16.10,100,1,11.29,100,1,16.11,700,1,11.14,700,1,16.15,700,1,11.07,700,1,16.20,200,1,11.05,100,1,16.22,100,1,ARL,43331877
271,2025-07-17T13:30:00.931432717Z,2025-07-17T13:30:00.931432717Z,10,2,1108,A,A,0,14.740000000,100,128,172973,28991138,12.23,100,1,14.74,100,1,11.93,100,1,15.30,100,1,11.76,100,1,15.31,2,1,11.69,2,1,15.47,100,1,11.52,100,1,15.61,100,1,11.40,100,1,15.91,100,1,11.29,100,1,16.10,100,1,11.14,700,1,16.11,700,1,11.07,700,1,16.15,700,1,11.05,100,1,16.20,200,1,ARL,43357029
272,2025-07-17T13:30:00.940916945Z,2025-07-17T13:30:00.940916945Z,10,2,1108,C,A,0,15.470000000,100,0,165656,29000554,12.23,100,1,14.74,100,1,11.93,100,1,15.30,100,1,11.76,100,1,15.31,2,1,11.69,2,1,15.61,100,1,11.52,100,1,15.91,100,1,11.40,100,1,16.10,100,1,11.29,100,1,16.11,700,1,11.14,700,1,16.15,700,1,11.07,700,1,16.20,200,1,11.05,100,1,16.22,100,1,ARL,43317561
273,2025-07-17T13:30:00.940916945Z,2025-07-17T13:30:00.940916945Z,10,2,1108,A,A,0,14.440000000,100,130,165656,29000554,12.23,100,1,14.44,100,1,11.93,100,1,14.74,100,1,11.76,100,1,15.30,100,1,11.69,2,1,15.31,2,1,11.52,100,1,15.61,100,1,11.40,100,1,15.91,100,1,11.29,100,1,16.10,100,1,11.14,700,1,16.11,700,1,11.07,700,1,16.15,700,1,11.05,100,1,16.20,200,1,ARL,43373009
274,2025-07-17T13:30:00.941071231Z,2025-07-17T13:30:00.941071231Z,10,2,1108,A,A,0,15.280000000,100,130,165631,29000677,12.23,100,1,14.44,100,1,11.93,100,1,14.74,100,1,11.76,100,1,15.28,100,1,11.69,2,1,15.30,100,1,11.52,100,1,15.31,2,1,11.40,100,1,15.61,100,1,11.29,100,1,15.91,100,1,11.14,700,1,16.10,100,1,11.07,700,1,16.11,700,1,11.05,100,1,16.15,700,1,ARL,43373085
275,2025-07-17T13:30:00.941085073Z,2025-07-17T13:30:00.941085073Z,10,2,1108,C,A,0,16.380000000,100,128,170084,29000688,12.23,100,1,14.44,100,1,11.93,100,1,14.74,100,1,11.76,100,1,15.28,100,1,11.69,2,1,15.30,100,1,11.52,100,1,15.31,2,1,11.40,100,1,15.61,100,1,11.29,100,1,15.91,100,1,11.14,700,1,16.10,100,1,11.07,700,1,16.11,700,1,11.05,100,1,16.15,700,1,ARL,43317137
276,2025-07-17T13:30:01.086438727Z,2025-07-17T13:30:01.086438727Z,10,2,1108,C,B,0,11.010000000,100,0,167223,29116818,12.23,100,1,14.44,100,1,11.93,100,1,14.74,100,1,11.76,100,1,15.28,100,1,11.69,2,1,15.30,100,1,11.52,100,1,15.31,2,1,11.40,100,1,15.61,100,1,11.29,100,1,15.91,100,1,11.14,700,1,16.10,100,1,11.07,700,1,16.11,700,1,11.05,100,1,16.15,700,1,ARL,42674817
277,2025-07-17T13:30:01.086438727Z,2025-07-17T13:30:01.086438727Z,10,2,1108,A,B,0,12.470000000,100,130,167223,29116818,12.47,100,1,14.44,100,1,12.23,100,1,14.74,100,1,11.93,100,1,15.28,100,1,11.76,100,1,15.30,100,1,11.69,2,1,15.31,2,1,11.52,100,1,15.61,100,1,11.40,100,1,15.91,100,1,11.29,100,1,16.10,100,1,11.14,700,1,16.11,700,1,11.07,700,1,16.15,700,1,ARL,43554133
278,2025-07-17T13:30:01.086456460Z,2025-07-17T13:30:01.086456460Z,10,2,1108,C,A,0,16.100000000,100,0,168766,29116862,12.47,100,1,14.44,100,1,12.23,100,1,14.74,100,1,11.93,100,1,15.28,100,1,11.76,100,1,15.30,100,1,11.69,2,1,15.31,2,1,11.52,100,1,15.61,100,1,11.40,100,1,15.91,100,1,11.29,100,1,16.11,700,1,11.14,700,1,16.15,700,1,11.07,700,1,16.20,200,1,ARL,42674989
279,2025-07-17T13:30:01.086456460Z,2025-07-17T13:30:01.086456460Z,10,2,1108,A,A,0,14.200000000,100,128,168766,29116862,12.47,100,1,14.20,100,1,12.23,100,1,14.44,100,1,11.93,100,1,14.74,100,1,11.76,100,1,15.28,100,1,11.69,2,1,15.30,100,1,11.52,100,1,15.31,2,1,11.40,100,1,15.61,100,1,11.29,100,1,15.91,100,1,11.14,700,1,16.11,700,1,11.07,700,1,16.15,700,1,ARL,43554141
280,2025-07-17T13:30:01.214703183Z,2025-07-17T13:30:01.214703183Z,10,2,1108,A,B,0,12.670000000,100,0,179739,29196804,12.67,100,1,14.20,100,1,12.47,100,1,14.44,100,1,12.23,100,1,14.74,100,1,11.93,100,1,15.28,100,1,11.76,100,1,15.30,100,1,11.69,2,1,15.31,2,1,11.52,100,1,15.61,100,1,11.40,100,1,15.91,100,1,11.29,100,1,16.11,700,1,11.14,700,1,16.15,700,1,ARL,43663229
281,2025-07-17T13:30:01.214704496Z,2025-07-17T13:30:01.214704496Z,10,2,1108,A,A,0,14.000000000,100,128,178426,29196805,12.67,100,1,14.00,100,1,12.47,100,1,14.20,100,1,12.23,100,1,14.44,100,1,11.93,100,1,14.74,100,1,11.76,100,1,15.28,100,1,11.69,2,1,15.30,100,1,11.52,100,1,15.31,2,1,11.40,100,1,15.61,100,1,11.29,100,1,15.91,100,1,11.14,700,1,16.11,700,1,ARL,43663233
282,2025-07-17T13:30:01.252206360Z,2025-07-17T13:30:01.252206360Z,10,2,1108,A,B,0,7.740000000,100,0,180019,29221770,12.67,100,1,14.00,100,1,12.47,100,1,14.20,100,1,12.23,100,1,14.44,100,1,11.93,100,1,14.74,100,1,11.76,100,1,15.28,100,1,11.69,2,1,15.30,100,1,11.52,100,1,15.31,2,1,11.40,100,1,15.61,100,1,11.29,100,1,15.91,100,1,11.14,700,1,16.11,700,1,ARL,27015957
283,2025-07-17T13:30:01.252206360Z,2025-07-17T13:30:01.252206360Z,10,2,1108,A,A,0,20.480000000,100,0,180019,29221771,12.67,100,1,14.00,100,1,12.47,100,1,14.20,100,1,12.23,100,1,14.44,100,1,11.93,100,1,14.74,100,1,11.76,100,1,15.28,100,1,11.69,2,1,15.30,100,1,11.52,100,1,15.31,2,1,11.40,100,1,15.61,100,1,11.29,100,1,15.91,100,1,11.14,700,1,16.11,700,1,ARL,27015965
284,2025-07-17T13:30:01.252206360Z,2025-07-17T13:30:01.252206360Z,10,2,1108,A,B,0,7.740000000,100,0,180019,29221772,12.67,100,1,14.00,100,1,12.47,100,1,14.20,100,1,12.23,100,1,14.44,100,1,11.93,100,1,14.74,100,1,11.76,100,1,15.28,100,1,11.69,2,1,15.30,100,1,11.52,100,1,15.31,2,1,11.40,100,1,15.61,100,1,11.29,100,1,15.91,100,1,11.14,700,1,16.11,700,1,ARL,38084501
285,2025-07-17T13:30:01.252206360Z,2025-07-17T13:30:01.252206360Z,10,2,1108,A,A,0,20.480000000,100,0,180019,29221773,12.67,100,1,14.00,100,1,12.47,100,1,14.20,100,1,12.23,100,1,14.44,100,1,11.93,100,1,14.74,100,1,11.76,100,1,15.28,100,1,11.69,2,1,15.30,100,1,11.52,100,1,15.31,2,1,11.40,100,1,15.61,100,1,11.29,100,1,15.91,100,1,11.14,700,1,16.11,700,1,ARL,38073517
286,2025-07-17T13:30:01.252206360Z,2025-07-17T13:30:01.252206360Z,10,2,1108,A,B,0,7.740000000,100,0,180019,29221774,12.67,100,1,14.00,100,1,12.47,100,1,14.20,100,1,12.23,100,1,14.44,100,1,11.93,100,1,14.74,100,1,11.76,100,1,15.28,100,1,11.69,2,1,15.30,100,1,11.52,100,1,15.31,2,1,11.40,100,1,15.61,100,1,11.29,100,1,15.91,100,1,11.14,700,1,16.11,700,1,ARL,38130589
287,2025-07-17T13:30:01.252206360Z,2025-07-17T13:30:01.252206360Z,10,2,1108,A,A,0,20.480000000,100,0,180019,29221775,12.67,100,1,14.00,100,1,12.47,100,1,14.20,100,1,12.23,100,1,14.44,100,1,11.93,100,1,14.74,100,1,11.76,100,1,15.28,100,1,11.69,2,1,15.30,100,1,11.52,100,1,15.31,2,1,11.40,100,1,15.61,100,1,11.29,100,1,15.91,100,1,11.14,700,1,16.11,700,1,ARL,38134973
288,2025-07-17T13:30:01.252206360Z,2025-07-17T13:30:01.252206360Z,10,2,1108,A,B,0,7.740000000,100,0,180019,29221776,12.67,100,1,14.00,100,1,12.47,100,1,14.20,100,1,12.23,100,1,14.44,100,1,11.93,100,1,14.74,100,1,11.76,100,1,15.28,100,1,11.69,2,1,15.30,100,1,11.52,100,1,15.31,2,1,11.40,100,1,15.61,100,1,11.29,100,1,15.91,100,1,11.14,700,1,16.11,700,1,ARL,38470185
289,2025-07-17T13:30:01.252206360Z,2025-07-17T13:30:01.252206360Z,10,2,1108,A,A,0,20.480000000,100,0,180019,29221777,12.67,100,1,14.00,100,1,12.47,100,1,14.20,100,1,12.23,100,1,14.44,100,1,11.93,100,1,14.74,100,1,11.76,100,1,15.28,100,1,11.69,2,1,15.30,100,1,11.52,100,1,15.31,2,1,11.40,100,1,15.61,100,1,11.29,100,1,15.91,100,1,11.14,700,1,16.11,700,1,ARL,38471493
290,2025-07-17T13:30:01.252206360Z,2025-07-17T13:30:01.252206360Z,10,2,1108,A,B,0,7.740000000,100,0,180019,29221778,12.67,100,1,14.00,100,1,12.47,100,1,14.20,100,1,12.23,100,1,14.44,100,1,11.93,100,1,14.74,100,1,11.76,100,1,15.28,100,1,11.69,2,1,15.30,100,1,11.52,100,1,15.31,2,1,11.40,100,1,15.61,100,1,11.29,100,1,15.91,100,1,11.14,700,1,16.11,700,1,ARL,38759997
291,2025-07-17T13:30:01.252206360Z,2025-07-17T13:30:01.252206360Z,10,2,1108,A,A,0,20.480000000,100,0,180019,29221779,12.67,100,1,14.00,100,1,12.47,100,1,14.20,100,1,12.23,100,1,14.44,100,1,11.93,100,1,14.74,100,1,11.76,100,1,15.28,100,1,11.69,2,1,15.30,100,1,11.52,100,1,15.31,2,1,11.40,100,1,15.61,100,1,11.29,100,1,15.91,100,1,11.14,700,1,16.11,700,1,ARL,38758965
292,2025-07-17T13:30:01.252206360Z,2025-07-17T13:30:01.252206360Z,10,2,1108,A,B,0,7.740000000,100,0,180019,29221780,12.67,100,1,14.00,100,1,12.47,100,1,14.20,100,1,12.23,100,1,14.44,100,1,11.93,100,1,14.74,100,1,11.76,100,1,15.28,100,1,11.69,2,1,15.30,100,1,11.52,100,1,15.31,2,1,11.40,100,1,15.61,100,1,11.29,100,1,15.91,100,1,11.14,700,1,16.11,700,1,ARL,38775373
293,2025-07-17T13:30:01.252206360Z,2025-07-17T13:30:01.252206360Z,10,2,1108,A,A,0,20.480000000,100,0,180019,29221781,12.67,100,1,14.00,100,1,12.47,100,1,14.20,100,1,12.23,100,1,14.44,100,1,11.93,100,1,14.74,100,1,11.76,100,1,15.28,100,1,11.69,2,1,15.30,100,1,11.52,100,1,15.31,2,1,11.40,100,1,15.61,100,1,11.29,100,1,15.91,100,1,11.14,700,1,16.11,700,1,ARL,38776877
294,2025-07-17T13:30:01.252206360Z,2025-07-17T13:30:01.252206360Z,10,2,1108,A,B,0,7.740000000,100,0,180019,29221782,12.67,100,1,14.00,100,1,12.47,100,1,14.20,100,1,12.23,100,1,14.44,100,1,11.93,100,1,14.74,100,1,11.76,100,1,15.28,100,1,11.69,2,1,15.30,100,1,11.52,100,1,15.31,2,1,11.40,100,1,15.61,100,1,11.29,100,1,15.91,100,1,11.14,700,1,16.11,700,1,ARL,38865193
295,2025-07-17T13:30:01.252206360Z,2025-07-17T13:30:01.252206360Z,10,2,1108,A,A,0,20.480000000,100,128,180019,29221783,12.67,100,1,14.00,100,1,12.47,100,1,14.20,100,1,12.23,100,1,14.44,100,1,11.93,100,1,14.74,100,1,11.76,100,1,15.28,100,1,11.69,2,1,15.30,100,1,11.52,100,1,15.31,2,1,11.40,100,1,15.61,100,1,11.29,100,1,15.91,100,1,11.14,700,1,16.11,700,1,ARL,38863877
296,2025-07-17T13:30:01.252269158Z,2025-07-17T13:30:01.252269158Z,10,2,1108,C,B,0,7.740000000,100,0,175261,29221828,12.67,100,1,14.00,100,1,12.47,100,1,14.20,100,1,12.23,100,1,14.44,100,1,11.93,100,1,14.74,100,1,11.76,100,1,15.28,100,1,11.69,2,1,15.30,100,1,11.52,100,1,15.31,2,1,11.40,100,1,15.61,100,1,11.29,100,1,15.91,100,1,11.14,700,1,16.11,700,1,ARL,27015957
297,2025-07-17T13:30:01.252269158Z,2025-07-17T13:30:01.252269158Z,10,2,1108,A,B,0,9.550000000,100,0,175261,29221828,12.67,100,1,14.00,100,1,12.47,100,1,14.20,100,1,12.23,100,1,14.44,100,1,11.93,100,1,14.74,100,1,11.76,100,1,15.28,100,1,11.69,2,1,15.30,100,1,11.52,100,1,15.31,2,1,11.40,100,1,15.61,100,1,11.29,100,1,15.91,100,1,11.14,700,1,16.11,700,1,ARL,43690797
298,2025-07-17T13:30:01.252269575Z,2025-07-17T13:30:01.252269575Z,10,2,1108,C,B,0,7.740000000,100,0,174844,29221829,12.67,100,1,14.00,100,1,12.47,100,1,14.20,100,1,12.23,100,1,14.44,100,1,11.93,100,1,14.74,100,1,11.76,100,1,15.28,100,1,11.69,2,1,15.30,100,1,11.52,100,1,15.31,2,1,11.40,100,1,15.61,100,1,11.29,100,1,15.91,100,1,11.14,700,1,16.11,700,1,ARL,38084501
299,2025-07-17T13:30:01.252269575Z,2025-07-17T13:30:01.252269575Z,10,2,1108,A,B,0,9.550000000,100,0,174844,29221829,12.67,100,1,14.00,100,1,12.47,100,1,14.20,100,1,12.23,100,1,14.44,100,1,11.93,100,1,14.74,100,1,11.76,100,1,15.28,100,1,11.69,2,1,15.30,100,1,11.52,100,1,15.31,2,1,11.40,100,1,15.61,100,1,11.29,100,1,15.91,100,1,11.14,700,1,16.11,700,1,ARL,43690801
